1786 2878
247 160 329 201 208
660 169 855 201 NOCTES
884 168 1216 200 MANJLJANAE

245 273 451 312 Alexandr.
479 287 514 324 p.
545 273 650 326 346),
678 287 740 313 uu.
773 285 808 323 5,
840 277 863 313 6
893 280 1000 312 Τοῦτο
1029 278 1081 312 καὶ
1109 277 1190 311 αὐτὸ
1218 273 1289 311 καθ’
1319 275 1402 311 αὑτὸ
1431 276 1529 311 κακὸν
1552 275 1639 323 με’-γα

246 341 425 387 σύμβολον
450 342 566 376 ἄλλων
591 341 699 377 ’Eo-ri·
729 344 834 377 τόσον
862 342 972 390 τούτῳ
1000 345 1047 390 τῷ
1075 343 1156 389 πυρὶ
1184 344 1252 388 πῦρ
1281 341 1395 386 ἕτερον
1423 338 1526 389 (cod.
1549 356 1639 386 συμ-

244 409 390 450 βάλλειν
408 407 506 442 Ἐστὶ
526 408 565 442 τὸ
585 410 658 451 σόν,
681 419 780 456 quae
805 407 952 445 correxi
973 407 1011 444 in
1032 406 1136 443 Diar.
1158 405 1291 444 Philol.
1317 405 1498 443 Cantabr.
1518 405 1578 442 vii.
1598 417 1637 454 p.

249 471 355 522 259).
412 471 459 508 In
480 471 553 510 hoc
574 472 687 509 ualde
710 472 847 509 similia
868 479 956 510 sunt
976 473 1083 522 τούτῳ
1109 475 1155 521 τῷ
1179 473 1260 518 πυρὶ
1285 475 1353 519 πῦρ
1377 472 1491 518 ἕτερον
1509 471 1637 508 ‘there

244 537 275 574 is
296 549 319 574 a
338 536 485 574 second
505 537 571 574 fire
592 549 633 574 as
653 544 758 586 great
778 544 818 575 to
837 537 1028 586 complete
1049 537 1121 574 this
1143 535 1230 583 fire,’
1252 543 1289 574 et
1309 536 1444 574 Allera
1462 536 1518 586 fit
1537 536 1644 572 caedi

244 603 366 639 caedes
395 602 509 639 ‘then
539 614 677 640 ensues
711 615 734 639 a
765 603 909 640 second
940 602 1134 652 slaughter
1163 614 1270 652 upon
1301 599 1515 651 slaughter.'
1575 600 1638 638 Sic

244 666 399 706 Graeco
418 668 541 717 magis
561 680 679 718 quam
701 667 881 706 Romano
902 680 1010 706 more
1030 667 1126 705 dixit
1142 666 1326 705 Manilius
1346 669 1456 705 terris
1468 665 1637 704 flIunera

243 735 429 771 caelestum
450 733 479 770 Ι.
504 745 564 780 24,
584 743 645 781 25.

298 798 347 836 V.
369 800 442 847 671
469 811 552 848 sqq.

406 864 476 902 Illa
505 864 603 902 datis
631 864 766 902 melior
795 864 907 910 sucis,
936 877 1024 914 pars
1054 864 1116 902 illa
1145 865 1314 903 retentis.

406 930 513 967 Hinc
543 929 668 967 sanies
697 930 866 980 pretiosa
895 930 976 967 fluit
1005 930 1219 980 floremque
1248 930 1395 968 cruoris

404 995 562 1033 Euomit
590 1002 627 1033 et
655 996 778 1033 mixto
806 1002 960 1045 gustum
989 995 1067 1033 sale
1096 1002 1284 1045 temperat
1312 996 1401 1033 oris.

405 1061 476 1098 Illa
504 1060 622 1110 putris
652 1061 819 1098 turbast:
858 1068 1004 1110 strages
1033 1061 1280 1099 confunditur
1307 1060 1437 1099 omnis

299 1128 376 1175 675
408 1126 689 1175 Permiscetque
718 1138 806 1163 suas
835 1126 982 1163 alterna
1010 1126 1048 1163 in
1079 1126 1221 1163 damna
1249 1126 1392 1175 figuras

407 1191 742 1240 Communemque
772 1192 868 1229 cibis
895 1204 1008 1229 usum
1037 1204 1250 1241 sucumque
1280 1191 1481 1228 ministrat.

297 1260 373 1306 672
396 1257 613 1306 florumque
638 1256 775 1294 Gembl.
797 1257 943 1294 cruoris
963 1257 1009 1294 al.
1031 1257 1168 1295 coloris
1196 1270 1215 1293 ο
1229 1257 1401 1306 fortasse
1430 1260 1520 1293 recte
1536 1271 1548 1294 :
1583 1256 1637 1292 sic

242 1325 325 1369 ἄνθη
354 1323 530 1360 dicuntur
557 1324 702 1360 colores.
776 1325 853 1371 673
885 1320 1024 1374 mixto]
1055 1330 1173 1372 guxto
1208 1321 1346 1360 Gembl.
1403 1324 1480 1370 674
1510 1322 1637 1359 turbat

246 1388 383 1428 Gembl.
407 1388 493 1427 Cus.
513 1402 563 1426 ex
583 1389 739 1435 turbast‚
762 1394 804 1425 ul
820 1402 914 1435 reor,
937 1390 1120 1426 uitiatum.

297 1454 463 1492 Huetius
493 1455 585 1491 dalis
618 1454 885 1503 interpretatus
915 1461 972 1492 est
1002 1454 1099 1492 datis
1127 1467 1175 1492 ex
1206 1466 1246 1491 se
1277 1453 1356 1491 siue
1388 1452 1565 1503 profusis,
1596 1458 1638 1490 ut

242 1532 397 1566 exucoe,
429 1520 579 1566 siccata,
611 1526 646 1557 et
678 1519 965 1569 propemodum
997 1519 1131 1557 durata
1165 1519 1280 1565 fieret,
1317 1531 1405 1557 cum
1439 1517 1502 1556 hic
1539 1517 1637 1555 mel-

242 1586 388 1635 andrya
407 1585 598 1634 descripta
624 1592 794 1623 censeret
807 1598 817 1631 ,·
848 1592 983 1622 contra
1007 1592 1156 1635 partem
1181 1585 1340 1622 alteram
1365 1585 1466 1621 suczlr
1491 1584 1638 1621 retentis

241 1663 324 1688 esse
359 1662 495 1700 garum
529 1653 568 1686 τὸ
601 1651 805 1697 καλούμενον
838 1653 1019 1696 αῖμάτειον,
1050 1651 1089 1687 in
1123 1662 1202 1700 quo
1237 1650 1400 1687 multum
1439 1649 1636 1698 sanguinis

241 1716 375 1766 thynni
405 1722 635 1765 superesset.
692 1716 790 1753 Mihi
817 1716 927 1754 latius
956 1716 1018 1753 hic
1047 1716 1196 1753 uidetur
1225 1715 1375 1753 locutus
1404 1722 1529 1765 poeta,
1559 1713 1635 1752 hoe

242 1793 367 1827 sensu,
402 1781 568 1830 thynnos
599 1781 792 1819 interdum
826 1782 980 1819 adscitis
1018 1781 1170 1818 aliunde
1211 1780 1412 1829 saporibus
1447 1779 1634 1829 praeferri,

242 1846 435 1884 interdum
454 1853 600 1883 retento
621 1858 704 1884 suo.
761 1845 865 1883 Nam
885 1853 926 1883 ut
950 1847 1032 1896 ipse
1061 1846 1139 1894 669
1167 1845 1316 1894 scripsit
1343 1845 1566 1882 scinduntur
1594 1845 1635 1881 in

240 1917 347 1949 artus
377 1911 544 1960 Corpora
574 1909 844 1962 (thynnorum)
872 1916 906 1949 el
935 1924 986 1949 ex
1019 1924 1089 1948 uno
1122 1912 1256 1947 uarius
1285 1910 1504 1948 describitur
1533 1922 1633 1946 usus.

241 1978 291 2015 Et
325 1989 391 2015 cur
424 1989 502 2014 non
534 1976 723 2014 uariarent
761 1989 873 2014 usum
911 1989 1015 2014 nunc
1054 1976 1152 2014 datis
1189 1975 1343 2014 aliunde
1381 1976 1493 2021 sucis,
1530 1986 1634 2012 nunc

242 2049 395 2081 seruato
415 2042 480 2091 qui
501 2049 657 2079 naturae
678 2041 772 2079 fuit?

294 2107 342 2146 V.
365 2109 455 2153 681,
477 2109 551 2144 682
576 2107 630 2144 sic
650 2113 781 2144 extant
801 2107 840 2144 in
860 2106 1014 2145 Gembl.

403 2172 457 2210 Vt
485 2172 678 2222 morisque
708 2173 811 2210 uolet
841 2173 970 2210 saucia
999 2185 1066 2222 per
1095 2179 1228 2209 mutua
1256 2171 1344 2210 dote

402 2238 451 2275 Et
480 2237 563 2275 fluit
591 2238 629 2274 in
659 2238 822 2287 liquidas
851 2238 961 2275 tabes
990 2237 1156 2276 resoluta
1185 2237 1384 2275 medullas.

240 2303 472 2353 Vmorisque
493 2304 552 2340 uel
570 2301 834 2352 Humorisque
848 2304 1015 2352 plerique
1034 2303 1139 2341 socia
1150 2303 1330 2352 plerique.

295 2369 522 2408 Correxerat
557 2367 724 2418 Scaliger
758 2367 975 2417 &moresque
1009 2373 1125 2406 uomet
1151 2369 1248 2405 socia
1276 2374 1344 2416 per
1377 2371 1506 2404 mutua
1543 2367 1631 2412 dole,
1683 2406 1689 2414 Ι

240 2435 397 2484 optime,
418 2440 458 2471 ut
483 2433 576 2470 mihi
605 2433 762 2483 quidem
792 2433 951 2479 uidetur,
977 2441 1166 2471 structura
1195 2432 1351 2470 ablatiui
1380 2439 1417 2470 et
1446 2432 1527 2470 aliis
1556 2431 1632 2469 fre·

239 2505 423 2549 quentata
457 2506 494 2536 et
525 2498 598 2550 ipsi
627 2497 788 2536 Manilio
818 2510 898 2536 non
928 2499 1180 2536 abhorrente:
1219 2504 1368 2535 tantum
1396 2498 1514 2534 uomit
1539 2495 1633 2534 scri-

239 2564 410 2602 bendum
439 2571 530 2602 erat.
588 2563 640 2602 At
671 2562 866 2601 Bentleius
897 2568 1036 2602 ‘uomet
1065 2564 1232 2601 humores
1264 2563 1362 2600 socia
1394 2563 1482 2600 dole.
1537 2559 1632 2599 Non
