1786 2878
208 133 260 175 92
631 129 729 161 NOC
737 129 825 159 ΤΕ-ς
853 129 1182 160 M.-1NJLJAA‹‘.-1E

207 242 247 271 ut
278 246 379 271 omne
412 241 511 271 esset
544 234 770 271 uniuersitas
800 246 936 279 rerum,
968 234 1054 271 ‘the
1086 233 1279 272 universe.'
1339 234 1440 272 Nihil
1472 247 1599 273 moror

206 299 245 336 id
279 299 383 349 quod
415 299 529 336 habet
558 298 687 336 Voss.2
715 298 907 344 adorunst,
940 299 1044 348 quod
1075 300 1104 336 si
1135 306 1234 337 esset
1262 299 1417 348 aliquid,
1447 300 1600 337 deberet

207 376 290 402 esse
316 364 369 400 ad
389 364 521 401 horum
545 363 604 400 uel
630 364 676 400 ab
705 364 848 409 horum,
870 376 920 401 sc.
945 364 1086 402 axium.
1145 363 1220 401 Sed
1249 371 1387 402 terram
1417 365 1601 413 suspendi

207 429 374 467 mediam
391 442 413 466 a
428 428 574 467 mundo
595 429 726 466 axium
746 429 826 466 siue
848 429 956 467 caelo
978 430 1016 466 in
1037 441 1115 478 quo
1135 437 1294 479 uterque
1314 430 1425 479 polus
1444 430 1602 467 uertitur

208 496 293 545 quis
320 507 493 544 unquam
514 494 633 531 dixit?
664 494 777 531 nimis
802 494 1005 541 σοφιστεύει
1024 495 1089 544 qui
1110 495 1184 532 hoc
1205 495 1407 544 imputabit
1428 494 1602 533 Manilio.

210 560 344 599 Merus
364 567 420 598 est
440 572 544 597 error
564 559 703 596 librarii
723 559 890 604 adoram,
905 560 1059 608 quicum
1080 560 1387 609 comparandum
1408 566 1489 597 erat
1503 561 1603 597 «iniis

208 626 316 675 quod
349 626 451 663 idem
489 624 611 662 codex
648 625 764 662 habet
801 637 870 674 pro
904 626 1025 661 amnis
1062 636 1148 673 272.
1222 625 1473 663 Scribendum
1507 632 1602 675 puto

210 692 362 728 mediam
383 691 516 728 mundo
535 691 722 739 suspendit
738 690 784 727 ab
804 692 906 727 omni
920 690 955 726 h.
971 702 1001 727 e.
1016 698 1151 728 natura
1170 691 1221 728 ita
1242 691 1441 740 suspendit
1462 698 1602 728 terram

210 763 249 793 ut
269 756 396 794 media
416 757 465 793 ab
485 755 592 792 omni
612 762 718 804 parte
739 755 873 792 mundi
893 763 1003 793 esset.

263 834 301 860 u.
325 823 401 870 328
432 820 626 858 Bentleius
646 821 893 857 emendatum
914 821 991 857 ibat
1012 821 1216 858 scribendo

372 887 480 936 Ergo
509 886 574 923 ubi
606 886 844 924 conscendes
872 887 1005 924 orbem
1035 886 1301 936 scandensque
1331 886 1537 925 rotundum

373 951 610 1000 Degrediere
640 951 752 988 simul

212 1016 317 1067 quod
347 1017 442 1054 mihi
473 1028 596 1066 paene
635 1016 855 1054 incredibile
889 1016 1051 1062 uidetur,
1083 1024 1161 1053 tam
1195 1017 1322 1066 inepte
1357 1017 1459 1054 idem
1493 1029 1606 1054 uoca-

211 1083 345 1121 bulum
388 1083 446 1120 bis
483 1083 521 1119 in
566 1094 646 1119 uno
693 1093 806 1119 uersu
854 1081 1058 1118 Manilium
1100 1083 1283 1131 posuisse.
1354 1082 1405 1119 Et
1444 1083 1606 1119 consedes

212 1148 381 1197 quidem,
414 1147 519 1197 quod
547 1160 635 1185 cum
669 1146 819 1184 Gembl.
858 1153 1053 1195 praestant
1095 1148 1212 1185 ambo
1246 1147 1441 1194 Vossiani,
1478 1148 1552 1184 iam
1587 1147 1606 1184 b

213 1214 252 1252 in
277 1214 496 1259 conscendes,
518 1213 597 1250 oin
625 1213 859 1249 conscendens
881 1212 994 1249 habet
1023 1220 1263 1250 correctum:
1295 1224 1418 1261 neque
1449 1220 1503 1250 est
1532 1212 1607 1248 ulla

213 1286 367 1329 praesto
396 1278 524 1327 potior
556 1277 775 1315 emendatio
787 1276 812 1314 ².
870 1277 922 1314 At
951 1278 1129 1314 scandens
1157 1291 1281 1316 errore
1312 1278 1480 1326 positum
1511 1289 1607 1322 reor,

214 1357 304 1382 cum
329 1344 369 1381 in
389 1344 469 1381 aliis
499 1343 697 1381 codicibus
726 1343 764 1379 in
786 1343 925 1391 quibus
954 1343 973 1379 b
990 1356 1019 1387 o,
1040 1344 1199 1380 slrz'dens
1228 1344 1285 1380 sit.
1342 1343 1476 1392 Itaque
1506 1342 1610 1380 haud

215 1411 296 1448 scio
316 1422 365 1447 an
395 1409 616 1458 recipienda
637 1409 683 1445 sit
705 1407 889 1457 Scaligeri
919 1408 959 1445 in
984 1408 1044 1445 ed.
1066 1409 1088 1445 i.
1110 1409 1330 1446 coniectura
1357 1409 1611 1456 slrzngensque

214 1475 320 1525 quod
341 1476 421 1524 ipse
442 1475 706 1524 interpretatus
727 1479 784 1511 est
805 1474 1057 1522 ‘praeteriens
1076 1475 1302 1521 παροδεύων’,
1316 1485 1390 1522 ego
1410 1473 1540 1510 malim
1561 1472 1610 1510 ad

215 1541 455 1590 superficiem
475 1547 596 1577 terrae
624 1546 661 1577 et
681 1538 954 1576 rotunditatem
975 1538 1123 1585 referre,
1144 1551 1261 1588 quam
1281 1539 1389 1588 quasi
1410 1538 1559 1587 stringit
1579 1539 1611 1574 is

216 1607 281 1656 qui
295 1607 362 1643 iter
375 1605 517 1643 faciens
535 1605 614 1643 siue
631 1611 673 1642 ut
687 1603 867 1641 Romane
880 1604 1017 1653 loquar
1033 1616 1197 1653 carpens
1214 1605 1262 1641 ab
1276 1604 1349 1641 alia
1361 1610 1467 1653 parte
1480 1603 1611 1640 transit

216 1671 267 1709 ad
294 1671 420 1708 aliam.
479 1670 555 1708 Sed
585 1683 656 1707 nec
686 1670 894 1706 conscendes
915 1669 1158 1707 scribendum
1180 1676 1270 1714 erat,
1292 1681 1425 1706 uerum
1446 1682 1610 1706 conscen-

217 1738 312 1783 dens,
330 1737 382 1774 sic
403 1736 505 1773 enim
525 1735 690 1785 postulat
713 1734 808 1772 ordo
828 1735 1046 1779 uerborum,
1066 1747 1155 1772 cum
1175 1736 1371 1771 rolandum
1392 1746 1472 1772 non
1488 1735 1612 1784 magis

217 1803 267 1840 ab
296 1815 343 1840 eo
372 1802 571 1839 diuellatur
598 1801 646 1838 ad
666 1799 773 1850 quod
799 1800 961 1849 pertinet
981 1800 1110 1845 orbem,
1131 1812 1248 1849 quam
1274 1801 1313 1836 in
1341 1800 1452 1837 simili
1474 1799 1560 1837 loco
1581 1800 1611 1836 I.

223 1861 297 1906 208
335 1868 490 1915 solisque
514 1867 651 1921 'orbem
701 1867 879 1913 lunaeque
918 1866 1116 1901 rotundum
1136 1879 1154 1909 ,·
1188 1877 1259 1902 nec
1294 1864 1520 1913 Degredz'cre
1550 1865 1611 1902 hic

218 1933 346 1970 locum
363 1932 488 1977 habet,
511 1931 576 1969 sed
595 1931 818 1979 ngrredz'ere
832 1944 851 1973 ,·
873 1930 1038 1979 denique
1057 1932 1172 1967 simul
1188 1930 1324 1967 melius
1345 1930 1394 1967 ad
1414 1931 1612 1979 sequentia

220 1997 388 2043 refertur,
410 1998 506 2035 sicut
527 1998 603 2034 iam
624 2003 681 2034 est
702 1997 741 2033 in
761 1996 820 2033 ed.
842 1995 957 2033 Rom.
979 2008 1011 2033 a.
1037 2007 1138 2043 1510
1159 1996 1313 2033 editum.

382 2063 488 2112 Ergo
517 2063 579 2100 ubi
607 2061 873 2100 conscendens
904 2061 1036 2098 orbem
1068 2062 1337 2111 stringensque
1367 2060 1572 2099 rotundum

383 2127 622 2177 Digrediere,
652 2126 764 2164 simul
789 2125 905 2175 fugiet
934 2138 1021 2175 pars
1050 2126 1168 2164 altera
1197 2133 1329 2172 terrae,

384 2193 516 2230 Altera
537 2192 723 2230 reddetur.

223 2262 232 2280 ‘
249 2258 385 2305 When,
399 2258 599 2302 therefore,
613 2257 797 2306 climbing
817 2256 893 2294 and
910 2257 1067 2306 passing
1080 2256 1237 2307 quickly
1252 2269 1342 2295 over
1361 2256 1423 2293 the
1440 2256 1614 2294 rounded

224 2325 371 2362 sursace
391 2324 436 2362 of
446 2323 508 2361 the
523 2323 673 2372 sphere‚
688 2335 765 2371 you
785 2322 888 2360 leave
909 2323 935 2360 it
957 2322 1014 2372 (to
1027 2335 1138 2361 move
1155 2335 1206 2360 on
1227 2330 1266 2360 to
1283 2334 1304 2359 a
1325 2321 1462 2359 farthcr
1477 2320 1614 2373 point),

270 2423 278 2440 ¹
305 2423 339 2454 Si
362 2422 462 2454 modo
485 2426 544 2461 est,
567 2432 631 2457 non
658 2421 786 2451 adoris:
812 2425 985 2462 utrumque
1012 2421 1098 2452 cnim
1126 2421 1232 2462 potuit
1259 2419 1395 2461 exprimi
1419 2419 1615 2460 compendio

229 2486 294 2516 quo
312 2475 511 2506 uocabulum
528 2472 684 2514 scriptum
700 2477 748 2503 est
765 2472 796 2502 in
814 2473 924 2503 voss-‚²

271 2527 284 2543 ²
308 2527 371 2557 Vix
387 2530 496 2567 potest
512 2535 580 2556 esse
596 2524 748 2565 conjicies,
765 2525 851 2564 quod
871 2524 1050 2565 aliquando
1067 2525 1248 2565 suspicatus
1264 2533 1360 2555 eram.
