1786 2878
820 108 879 139 JV
1466 109 1547 155 155

161 212 393 265 intelligere¹
423 213 564 267 (879);
594 221 784 253 extremos
808 214 944 253 limites
974 215 1089 253 maris
1120 214 1290 265 (ponlum
1320 215 1435 262 enim,
1467 228 1547 254 non

151 285 303 330 portum
324 281 567 319 scribendum
592 293 675 319 esse
701 280 894 318 Bentleius
918 279 1102 331 ostendit)
1123 293 1168 319 ac
1187 287 1307 318 terrae
1327 287 1548 330 perspectos

162 346 302 384 habere
323 352 361 383 et
387 353 573 396 tanquam
600 346 813 384 domestico
838 357 911 382 usu
935 346 1109 394 cognitos
1131 345 1238 397 (880,
1261 344 1367 396 881).
1437 345 1548 384 Haec

162 411 293 449 omnia
312 423 334 448 a
354 411 412 448 dis
432 411 521 449 data
540 411 759 449 hominibus
779 411 810 448 si
830 410 885 448 fas
906 417 962 448 est
982 411 1145 460 arripere
1166 417 1203 448 et
1223 411 1412 460 amplecti,
1432 423 1548 460 quarn

161 483 274 514 tenue
303 483 360 514 est
387 477 646 527 exiguumque
675 477 781 526 quod
810 483 990 525 superest,
1012 478 1189 513 ralz'onem
1218 477 1352 513 discere
1379 478 1493 514 noctis
1513 483 1550 514 et

161 548 362 579 astrorum.

217 606 321 644 Nihil
341 607 401 645 hic
420 613 477 646 est
497 606 602 657 quod
624 606 843 656 scrupulum
865 613 1030 652 moueat,
1053 606 1122 644 nisi
1143 606 1248 657 quod
1268 606 1420 644 Gembl.
1437 610 1544 644 cens-z}

162 672 199 709 h.
219 686 252 711 e.
282 685 454 719 censum,
483 685 563 710 non
595 686 733 719 census,
765 672 942 710 exhibet:
977 672 1044 710 sed
1078 685 1203 709 census
1241 679 1296 710 est
1329 673 1367 709 in
1402 673 1550 722 optimo

162 737 293 776 Voss.²
347 738 478 775 Vnum
508 745 564 776 est
584 738 689 788 quod
717 738 987 775 emendatione
1007 744 1118 786 egeat
1142 737 1290 783 Quanla
1309 743 1350 783 el,
1373 750 1444 787 pro
1473 751 1550 788 quo

162 816 310 854 repono
329 803 476 849 Quanta
495 817 548 850 ea,
569 804 605 841 h.
628 817 659 841 e.
673 816 789 853 quam
809 815 926 853 parua
943 810 1113 853 superest
1133 816 1177 842 ea
1193 816 1290 853 pars,
1305 811 1345 841 ut
1361 811 1550 842 astrorum

163 869 328 907 rationes
347 875 385 907 et
404 876 578 907 naturam
598 870 885 919 perspiciamus.

219 932 352 987 [Nunc
359 935 473 972 uideo
481 935 713 972 Kramerum
727 935 765 971 in
773 934 1035 973 dissertatione
1043 934 1090 971 de
1104 933 1292 972 infinitiuo
1304 933 1407 983 apud
1423 933 1551 971 Mani-

163 999 256 1037 lium
274 1012 310 1049 p.
333 1001 355 1037 8
376 1000 582 1038 infinitiuos
602 1000 1552 1049 (lescendere—componere—-firre—scqui—-subz're

164 1065 548 1103 ——uz'uere—edz'scere
567 1065 689 1103 facere
709 1078 755 1103 ex
777 1067 884 1102 iuuat
900 1065 1124 1115 pendentes.
1161 1064 1222 1102 Sic
1240 1065 1269 1102 si
1285 1065 1407 1102 uoluit
1424 1071 1549 1113 poeta,

164 1130 334 1168 licentius
355 1143 479 1181 aequo
499 1131 727 1169 sententiam
747 1130 946 1180 disposuit,
968 1142 1124 1167 sensum
1145 1130 1184 1166 in
1205 1130 1370 1168 obscuro
1390 1130 1550 1180 reliquit.

219 1194 415 1234 Bentleius
435 1203 644 1235 structurae
665 1197 717 1235 sie
735 1196 970 1246 suppetiatus
989 1202 1046 1234 est
1066 1203 1106 1232 ut
1129 1197 1203 1232 882
1231 1195 1551 1241 Quanta—noctis

164 1261 437 1310 interpolatum
458 1262 624 1308 haberet,
640 1264 757 1300 uerba
776 1275 844 1299 cur
863 1275 934 1299 non
954 1266 988 1298 el
1004 1274 1157 1298 munera
1178 1262 1272 1298 caeli
1294 1261 1347 1299 sic
1369 1261 1554 1298 scriberet

168 1339 238 1363 cur
258 1340 328 1364 non
356 1332 409 1365 est
429 1340 575 1365 munere
595 1329 696 1374 caeli,
716 1328 819 1365 unde
846 1327 1031 1377 penderet
1053 1327 1263 1364 infinitiuus
1287 1327 1491 1363 descendere
1518 1333 1554 1363 et

164 1393 229 1441 qui
252 1392 355 1430 hunc
373 1400 565 1431 secuntur.
601 1393 678 1431 Sed
698 1405 778 1431 non
799 1393 888 1431 satis
902 1405 1042 1430 causae
1059 1391 1225 1430 ostendit
1241 1404 1310 1430 cur
1330 1403 1462 1429 uersus
1483 1392 1553 1429 iste

169 1458 315 1504 Quanta
343 1463 377 1495 et
390 1465 489 1507 pars
508 1463 671 1508 superest
699 1460 875 1496 rationem
909 1459 1044 1495 discere
1077 1459 1192 1494 noctis
1223 1457 1373 1507 spurius
1408 1457 1550 1495 iudica-

163 1530 287 1570 retur3
310 1536 436 1574 neque
456 1525 496 1561 in
517 1523 620 1562 Mss
641 1524 850 1574 quicquam
871 1531 928 1562 est
948 1524 1020 1561 nisi
1041 1528 1075 1560 el
1092 1536 1256 1560 munera.

220 1589 317 1627 Mihi
346 1589 470 1639 placet
498 1591 616 1628 uerba
644 1591 770 1639 potius
799 1596 862 1627 aut
892 1590 946 1626 sic
973 1596 1117 1626 struere
1146 1596 1188 1626 ut
1217 1600 1333 1637 supra
1358 1588 1554 1637 proposui,

165 1662 230 1693 aut
256 1657 338 1691 κατὰ
364 1655 514 1701 σύνεσιν,
535 1662 575 1692 ut
603 1668 650 1693 ex
670 1656 748 1693 istis
772 1654 921 1701 Quanta
941 1668 981 1692 ecz
992 1662 1091 1704 pars
1110 1659 1273 1703 superest
1316 1654 1352 1690 h.
1366 1667 1398 1691 e.
1420 1653 1554 1700 Quan-

164 1720 287 1757 tillum
323 1727 382 1758 est
419 1721 457 1758 id
488 1720 592 1770 quod
628 1727 755 1767 restat,
789 1728 830 1758 ut
862 1721 947 1770 quis
987 1720 1110 1759 noctis
1151 1726 1189 1757 et
1227 1719 1395 1757 siderum
1434 1719 1555 1756 discat

165 1785 343 1831 rationes,
375 1786 594 1836 suppleatur
632 1799 701 1836 per
734 1787 977 1836 aposiopesin
1010 1785 1219 1835 quamdam
1254 1785 1291 1822 id
1323 1784 1430 1836 quod
1462 1797 1553 1822 con-

165 1852 321 1889 trarium
341 1858 397 1889 est
419 1856 427 1870 ‘
442 1864 626 1901 magnum
647 1865 738 1890 sane
758 1850 837 1898 est‚'
858 1852 920 1889 uel
942 1856 1147 1901 ‘quantum
1167 1850 1246 1889 est.⁷

329 1917 453 1966 Inque
481 1917 588 1966 ipsos
617 1918 767 1967 penitus
796 1917 930 1954 mundi
961 1917 1191 1955 descendere
1220 1928 1370 1961 census,

330 1982 625 2033 Seminibusque
656 1983 733 2020 suis
763 1990 909 2020 tantam
939 1995 1176 2031 componere
1205 1982 1349 2019 molem

328 2047 379 2084 Et
407 2055 558 2097 partum
588 2048 681 2086 caeli
710 2060 780 2085 sua
809 2060 876 2097 per
905 2048 1065 2085 nutricia
1093 2047 1200 2094 ferre,

328 2113 631 2163 Extremumque
660 2114 767 2163 sequi
795 2121 959 2162 pontum
987 2120 1187 2163 terraeque
1217 2112 1345 2150 subire

330 2177 537 2216 Pendentis
566 2184 709 2216 tractus
738 2185 774 2216 et
803 2185 885 2217 toto
913 2179 1044 2216 uiuere
1072 2178 1112 2215 in
1141 2179 1302 2216 orbe-

330 2243 487 2290 Quanta
516 2256 561 2281 ea
589 2256 678 2293 pars
707 2251 892 2293 superest,
921 2244 1109 2281 rationem
1138 2243 1283 2281 discere
1314 2240 1460 2279 noctis!

224 2309 338 2358 Prop.
354 2309 400 2347 iv,
418 2311 452 2347 6.
471 2311 519 2358 65
544 2309 603 2347 Dz'
618 2311 745 2346 melius
758 2310 776 2347 l
795 2314 952 2358 quanlus
973 2310 1104 2346 mulier
1106 2309 1221 2358 sorel
1237 2321 1311 2345 una
1332 2307 1552 2355 triumphus,

170 2373 317 2411 Ductus
335 2379 416 2412 erat
424 2382 495 2424 per
513 2388 605 2425 quas
625 2379 706 2412 anle
725 2374 917 2424 Iugurtha
938 2377 1023 2412 uias
1039 2375 1054 2412 J
1085 2375 1120 2412 h.
1141 2388 1173 2412 e.
1194 2369 1423 2424 quantulus]

215 2460 225 2478 ¹
250 2460 354 2492 Aliter
369 2461 543 2499 Bentleius,
555 2466 694 2502 partum
714 2461 795 2492 caeli
810 2461 974 2492 hominem
992 2460 1186 2502 intelligens,
1200 2459 1254 2501 qui
1270 2458 1350 2491 locis
1366 2456 1556 2490 caelestibus

171 2503 267 2536 initio
283 2504 386 2536 faetus
403 2510 434 2537 et
449 2506 598 2544 nutritus,
617 2511 688 2547 post
706 2505 736 2536 in
751 2510 848 2537 terras
865 2504 1022 2537 demissus
1038 2510 1095 2536 est.
