1786 2878
252 185 276 215 2
671 179 865 212 NOCTES
892 177 1224 210 MANJLIANAE

420 285 478 324 Tu
507 285 685 336 princeps
714 292 924 335 auctorque
953 284 1060 330 sacri,
1091 283 1276 335 Cyllenie,
1305 282 1412 321 tanti.

413 350 487 389 Per
514 356 546 388 le
574 351 650 388 iarn
679 350 830 389 caelum
859 352 1016 388 interius
1044 350 1120 388 iam
1149 349 1272 388 sidera
1301 356 1393 387 nota

416 416 606 454 Sublimes
635 416 781 465 aperire
810 416 895 453 uias

306 480 426 528 Quod
441 482 543 520 enim
560 488 616 520 est
631 481 721 518 illud
736 485 877 518 tantum
894 493 1042 518 socrum
1058 482 1080 516 Ρ
1107 480 1187 530 ipse
1204 479 1315 526 dicit;
1341 478 1435 517 caeli
1453 467 1640 517 interioris

257 559 301 585 ac
324 547 490 585 siderum
511 547 692 596 cognitio.
749 545 899 584 Eadem
928 547 1042 596 igitur
1061 545 1156 584 haec
1177 545 1216 582 in
1240 558 1258 582 2
1266 555 1300 593 5,
1326 546 1373 581 26
1394 544 1641 594 requiruntur.

251 611 389 662 Itaque
409 612 625 661 scripserim

415 677 545 723 Quem
573 677 742 727 primum
770 676 925 715 interius
954 675 1058 714 licuit
1087 687 1323 726 cognoscere
1353 675 1462 713 terris

416 741 582 780 Munera
611 742 847 780 caelestum?

251 814 293 846 ut
313 809 424 845 terris
444 808 594 845 datiuus
613 820 661 845 ex
681 807 849 845 lisunera
869 808 1054 844 caelestum
1076 805 1249 856 pendeat.
1297 805 1394 852 Quis
1413 805 1482 843 fuit
1500 805 1561 843 ille
1581 804 1643 842 cui

244 875 414 922 primum
441 873 548 909 licuit
571 873 727 909 zbzlerz'us
751 885 959 921 cognoscere
978 884 1130 908 munera
1150 871 1337 908 caeleslum
1366 882 1388 908 a
1417 870 1644 908 caelestibus

253 938 342 976 data
371 939 518 975 terret?
571 937 741 975 Interius
770 937 959 987 significat
988 938 1040 974 ita
1070 948 1305 986 cognoscere
1334 943 1374 973 ut
1404 936 1444 973 in
1472 936 1644 986 ipsorum

254 1003 421 1042 siderum
441 1004 561 1039 οὐσίαν
580 1010 753 1053 penetret
773 1010 810 1040 et
830 1015 916 1040 eam
936 1002 1046 1052 quasi
1066 1002 1167 1039 intus
1187 1002 1234 1039 sit
1253 1002 1470 1051 perspiciat.

310 1068 547 1106 Structuram
567 1068 773 1106 accusatiui
793 1067 903 1114 Quem
924 1068 1032 1104 licuit
1048 1079 1255 1116 cognoscere
1275 1066 1364 1104 satis
1379 1074 1549 1104 tutantur
1568 1065 1644 1103 loci

253 1133 386 1182 quales
416 1140 503 1171 sunt
523 1132 612 1170 Ter.
634 1132 773 1170 Heaut.
794 1133 839 1170 iv.
864 1145 896 1169 2.
918 1143 940 1180 5
960 1133 1146 1181 triumpho
1173 1133 1212 1169 si
1235 1132 1318 1169 licet
1343 1145 1397 1169 me
1424 1133 1534 1169 latere
1561 1136 1645 1169 tecto

253 1199 444 1236 abscedere.

308 1264 372 1301 An
406 1264 524 1301 uerba
554 1263 607 1301 sic
638 1263 766 1313 potius
804 1262 1011 1300 struenda?
1079 1262 1176 1308 Quis
1206 1269 1248 1299 ut
1284 1261 1449 1312 primum
1488 1262 1646 1300 interius

255 1336 508 1378 cognosceret
526 1341 686 1366 munera
707 1328 915 1366 caelestum
935 1328 1040 1365 licuit
1064 1328 1170 1365 terris
1187 1329 1200 1365 ?
1230 1327 1267 1365 h.
1284 1340 1316 1365 e.
1336 1340 1453 1378 quem
1479 1329 1645 1377 primum

253 1401 294 1432 ut
313 1394 499 1432 haberent
519 1401 768 1432 scrutatorem
789 1393 924 1431 siderei
942 1394 1114 1430 muneris
1133 1393 1221 1431 data
1241 1394 1349 1430 terris
1369 1401 1425 1431 est
1444 1394 1646 1443 potestas?

310 1460 339 1497 Ι.
362 1471 424 1509 59,
447 1461 497 1497 60

418 1525 631 1574 Postquam
659 1525 788 1562 omnis
817 1524 912 1562 caeli
942 1525 1088 1574 species
1117 1524 1363 1563 redeuntibus
1391 1524 1503 1563 astris

418 1590 629 1639 Praecepta
657 1590 697 1627 in
726 1590 901 1640 proprias
929 1589 1051 1628 sedes.

309 1655 526 1704 Praecepta,
557 1655 661 1705 quod
690 1655 832 1692 habent
861 1655 1026 1700 codices,
1056 1655 1222 1694 Iacobus
1250 1657 1512 1706 interpretatur
1533 1657 1647 1693 ‘ante

256 1728 368 1770 capta
381 1721 390 1737 '
405 1721 514 1770 quasi
533 1727 620 1758 ante
641 1720 827 1768 capienda
840 1727 940 1758 esset
955 1720 1221 1769 exemplorum
1241 1722 1300 1758 uis
1320 1733 1437 1771 quam
1458 1721 1507 1758 ad
1527 1728 1647 1758 artem

256 1793 399 1824 certam
426 1785 629 1823 ueniretur.
688 1783 786 1821 Mihi
816 1784 968 1822 uidetur
998 1785 1126 1834 potius
1155 1785 1358 1834 significari
1390 1798 1457 1835 per
1486 1784 1648 1822 breuilo-

257 1851 454 1900 quentiam
485 1850 719 1899 ‘praeceptis
754 1849 940 1899 explicata
969 1856 1005 1887 et
1034 1850 1073 1886 in
1102 1851 1276 1899 proprias
1305 1850 1417 1888 sedes
1446 1850 1646 1889 attributa?

260 1913 482 1968 [Praesepta
504 1914 715 1952 Mauricius
739 1913 912 1952 Schmidt
932 1914 1118 1964 Philolog.
1139 1915 1210 1952 viii.
1234 1925 1253 1964 7
1261 1913 1344 1967 50.]

314 1981 496 2028 I.66-72

422 2045 525 2082 Nam
555 2045 659 2082 rudis
688 2051 777 2082 ante
806 2045 890 2083 illos
919 2044 1024 2083 nullo
1053 2045 1269 2084 discrimine
1297 2046 1376 2083 uita

421 2111 468 2147 In
499 2110 667 2159 speciem
696 2122 886 2148 conuersa
914 2122 1075 2160 operum
1104 2112 1250 2149 ratione
1280 2112 1435 2149 carebat

420 2175 471 2212 Et
501 2175 712 2224 stupefacta
740 2187 845 2214 nouo
874 2175 1066 2225 pendebat
1094 2176 1238 2213 lumine
1267 2176 1413 2221 mundi,

421 2240 528 2277 Turn
558 2240 659 2278 uelut
688 2241 836 2278 amissis
865 2253 1052 2287 maerens,
1083 2248 1163 2278 tum
1192 2241 1290 2279 laeta
1318 2241 1458 2279 renatis

345 2316 394 2354 70
425 2305 631 2352 Sideribus,
660 2307 864 2356 uariosque
894 2306 974 2344 dies
1005 2307 1223 2355 incertaque
1253 2307 1377 2344 noctis

421 2372 620 2420 Tempora
650 2384 720 2409 nec
751 2372 884 2409 similis
912 2372 1068 2409 umbras
1097 2372 1172 2409 iam
1202 2371 1282 2409 sole
1311 2383 1486 2421 regresso

424 2437 507 2473 Iam
537 2437 716 2485 propiore
746 2437 822 2473 suis
852 2444 1025 2486 poterant
1054 2437 1268 2474 discernere
1296 2438 1431 2475 causis.

534 2511 579 2549 72
612 2502 689 2539 suis
718 2501 841 2550 impar
860 2501 1061 2540 Benlleius.

316 2569 326 2587 ‘
343 2566 584 2606 constructio
605 2574 673 2612 est,
695 2566 822 2604 Rudis
847 2572 946 2605 aetas
969 2575 1114 2616 operum
1135 2569 1275 2605 ratione
1299 2567 1454 2611 carebat,
1476 2580 1650 2606 maerens
