1786 2878
858 153 889 184 V
1484 155 1565 199 195

167 260 243 299 hoe
263 251 625 310 modo'interpretor
643 259 847 308 sepulchris
861 257 931 308 (sic
953 258 1055 295 enim
1076 256 1309 307 scripserim)
1328 272 1336 295 :
1367 270 1562 295 memora-

169 327 266 363 bunt
293 327 436 364 elixum
457 326 572 362 Atrei
595 325 798 374 sepulchris
827 337 878 362 sc.
905 336 994 362 eum
1014 336 1129 373 quem
1158 330 1268 372 pater
1288 324 1428 361 Atreus
1457 324 1566 361 coxit

167 398 210 428 ut
237 391 432 441 Thyestae
466 391 676 440 adponeret
706 390 942 439 epulandum
971 396 1013 426 et·
1040 390 1079 426 in
1112 396 1247 427 uentre
1287 389 1564 438 sepeliendum.

169 456 233 494 Sic
257 457 383 494 Attius
412 457 558 493 dixerat
587 456 633 493 de
664 456 833 504 Thyeste
863 455 966 504 apud
987 454 1068 492 Cic.
1089 454 1136 491 de
1159 454 1236 493 Off.
1259 455 1279 491 i.
1305 457 1366 491 28.
1393 467 1441 502 97
1464 456 1564 492 uatis

166 523 356 570 sepulchro
393 523 467 571 ipse
499 527 552 558 est
577 528 744 570 parens:
789 521 842 558 sic
878 520 1025 557 Seneca
1062 520 1200 557 ludens
1233 520 1273 556 in
1311 519 1383 557 hac
1422 520 1563 557 crudeli

167 588 361 637 sepultura
382 593 589 636 postquam
609 586 807 635 Thyesten
829 586 980 623 induxit
1005 593 1181 623 orantem
1208 592 1249 622 ut
1269 592 1381 622 natos
1403 585 1562 634 sepelire

164 660 308 702 posset,
321 652 421 701 Thy.
442 662 542 700 1025
565 664 647 701 sqq.
668 665 739 688 non
750 656 832 700 pelo
852 653 1046 688 incolumes
1060 656 1169 699 paler
1188 650 1310 687 ll'alos
1330 656 1371 687 ut
1388 651 1537 688 habeam
1550 664 1564 687 .·

164 719 294 755 scelere
339 718 438 766 quod
479 718 583 754 saluo
628 718 722 753 dari
754 715 914 765 Odioque
952 718 1084 765 possit,
1117 717 1256 766 frater
1293 717 1358 753 hoc
1388 717 1563 766 sralrem

165 796 264 831 rogo,
306 782 466 832 Sepelt're
497 784 631 827 liceul,·
676 783 838 819 Atreum
882 781 978 819 haec
1010 781 1096 819 fecit
1126 781 1423 830 respondentem
1460 794 1560 829 1034

163 848 354 897 Epulatus
383 850 457 897 zpse
483 861 518 884 es
548 849 656 897 inpia
687 852 793 884 natos
828 848 929 897 dape,
998 846 1178 897 Denique
1209 847 1399 896 Thyestes
1428 847 1561 885 huius-

163 914 268 951 modi
296 913 538 962 sepulchrum
565 913 604 950 in
631 925 702 950 suo
730 925 889 962 corpore
912 913 1122 962 respiciens
1146 925 1249 961 1090
1269 914 1307 949 si
1322 917 1428 949 natos
1448 917 1562 962 paler

162 978 337 1016 Humare
361 983 395 1016 el
420 980 508 1028 zggrnz'
529 980 675 1015 tradere
703 983 866 1016 extremo
894 979 985 1024 uolo,
1007 978 1093 1027 Ego
1114 991 1197 1014 sum
1222 979 1453 1015 cremandus.
1509 978 1560 1016 Et

162 1044 215 1082 sic
236 1044 374 1093 Agam.
398 1045 456 1091 26,
482 1053 529 1093 27
552 1044 678 1081 liberis
699 1045 830 1094 plenus
852 1045 940 1081 mels
959 1043 1010 1080 In
1037 1056 1090 1081 me
1113 1045 1262 1092 sepulu's
1287 1045 1432 1080 uiscera
1452 1044 1565 1082 exedi

161 1122 251 1146 mea.

217 1174 293 1212 Sed
331 1174 437 1224 quod
477 1175 542 1212 diu
581 1188 642 1213 me
683 1175 841 1224 fugerat,
877 1186 1013 1212 uerum
1052 1181 1147 1223 puto
1187 1186 1360 1211 seruasse
1399 1174 1556 1212 Gembl.

160 1240 276 1277 etiarn
324 1241 363 1277 in
411 1240 482 1278 illis
528 1241 815 1289 chclanlemque
858 1245 1006 1289 pulsem
1049 1245 1147 1277 nalo.
1211 1238 1404 1285 Quamuis
1452 1240 1558 1277 enim

163 1305 310 1342 Seneca
352 1305 399 1343 de
441 1305 615 1343 eiusdem
645 1305 841 1355 Thyestae
881 1318 977 1343 cena
1016 1305 1150 1342 dixerit
1190 1317 1281 1354 909,
1318 1317 1395 1353 910
1434 1305 1558 1342 Resu-

151 1372 270 1420 pz'nus
300 1372 373 1420 zpse
398 1378 576 1420 purpura
605 1376 711 1420 alque
736 1384 833 1408 auro
862 1371 1012 1408 incubat
1043 1371 1131 1408 I'z'uo
1155 1375 1364 1419 grauatum
1383 1371 1558 1421 fulciens

160 1437 266 1473 laeua
287 1442 404 1486 capul,
426 1437 600 1482 Erucius,
621 1445 677 1475 est
705 1437 799 1475 alius
825 1437 934 1475 locus
965 1437 1075 1474 huius
1104 1435 1322 1485 tragoediae
1343 1437 1408 1485 qui
1438 1437 1558 1474 uerba

161 1500 312 1539 Manilii
342 1503 393 1540 ita
423 1516 542 1552 prope
570 1503 618 1540 ad
645 1504 807 1540 uerbum
834 1503 1064 1551 expresserit
1092 1509 1134 1538 ut
1159 1508 1223 1539 aut
1249 1502 1393 1539 abhoc
1419 1502 1558 1539 ductus

160 1568 206 1605 sit
234 1575 300 1605 aut
329 1569 377 1606 ad
407 1581 656 1606 communem
685 1569 850 1618 aliquem
882 1568 1040 1613 fontem,
1066 1567 1225 1606 fortasse
1255 1567 1493 1616 Euripidem,
1520 1573 1557 1604 et

161 1631 345 1671 Manilius
372 1640 408 1672 et
436 1634 585 1672 Seneca
612 1634 782 1672 redeant.
841 1634 903 1672 Sic
928 1635 1034 1671 enim
1056 1633 1249 1683 Thyestes
1277 1645 1379 1679 1040
1400 1633 1484 1669 Hoc
1505 1637 1560 1670 est

157 1700 256 1747 quod
279 1700 415 1736 auidus
443 1707 568 1749 capere
595 1713 667 1737 non
694 1701 819 1749 poluz'l
835 1705 956 1748 paler.
1006 1700 1213 1737 {pluuntur
1241 1700 1342 1736 iulus
1361 1699 1505 1736 uiscera
1524 1703 1559 1736 el

158 1765 299 1801 clusum
329 1766 435 1816 anas
464 1765 554 1803 Sine
584 1766 690 1803 exilu
725 1766 927 1803 luclatur
955 1770 989 1802 el
1012 1766 1162 1815 quaerit
1192 1766 1306 1801 uiam.
1364 1763 1556 1802 Videlicet

157 1829 321 1867 luctatur
352 1831 570 1869 comedenti
610 1831 718 1877 filius,
753 1838 790 1868 et
829 1831 928 1868 intra
958 1831 1108 1869 uiscera
1144 1837 1326 1881 acceptus
1360 1841 1554 1869 carcerem

157 1896 301 1944 respuit
329 1901 366 1933 et
389 1897 535 1946 quaerit
563 1897 666 1934 uiam
695 1896 871 1935 exeundi.

212 1960 333 1998 Erunt
352 1968 482 1999 tamen
498 1962 637 2011 quibus
657 1962 890 2011 probabilior
911 1961 1084 1998 uideatur
1105 1961 1222 1998 altera
1241 1960 1354 1998 lectio
1375 1960 1552 2010 quamuis

154 2026 409 2064 recentiorum
438 2027 629 2073 codicum,
650 2027 942 2076 Ruclanlemque
960 2032 1108 2075 patrem
1139 2031 1255 2070 nudos,
1277 2038 1401 2077 eoque
1425 2026 1551 2074 magis

155 2091 244 2140 quia
264 2093 394 2137 mana,
417 2105 495 2130 non
524 2092 690 2138 thebana,
712 2092 773 2130 uel
803 2098 844 2129 ut
874 2099 931 2129 est
961 2092 1000 2129 in
1030 2091 1162 2130 codice
1183 2091 1344 2140 Collegii
1366 2091 1551 2142 Corporis

157 2156 297 2195 Christi
316 2158 457 2203 libana,
478 2157 645 2195 habeant
665 2157 703 2194 in
726 2159 827 2205 464:

318 2239 628 2289 Ructantemque
658 2246 806 2289 patrem
835 2246 948 2277 nato-s
978 2239 1177 2289 solemque
1207 2250 1406 2277 reuersum

315 2305 366 2342 Et
396 2317 553 2343 caecum
584 2305 664 2342 sine
688 2305 766 2343 sole
797 2305 898 2343 diem
928 2306 1048 2343 titana
1077 2306 1221 2343 iuuabit

316 2369 455 2409 Dicere
485 2370 582 2408 bella
611 2370 705 2407 uteri
733 2370 977 2420 mixtumque
1004 2371 1044 2408 in
1073 2370 1186 2408 fratre
1216 2377 1427 2420 parentem.

155 2462 315 2512 Saepius
334 2463 374 2500 in
394 2464 468 2501 hoc
489 2463 594 2501 Atrei
625 2463 791 2501 facinore
818 2464 929 2500 Tuan
956 2464 1045 2502 solis
1065 2471 1191 2514 partes
1213 2463 1301 2512 agit.
1359 2462 1447 2499 Sen.
1467 2462 1542 2512 Ag.

154 2530 230 2575 908
252 2533 326 2565 slat
349 2542 422 2566 ecce
447 2529 557 2567 Titan
588 2530 719 2566 dubius
745 2530 887 2566 emerito
909 2530 964 2566 dfe
984 2529 1112 2567 Suaue
1137 2533 1271 2566 currat
1295 2541 1345 2565 au
1371 2527 1410 2564 T
1403 2529 1542 2577 ly'eslea

802 2607 825 2631 o
859 2607 877 2631 2
