1786 2878
828 127 853 158 I
1512 130 1533 173 7

147 241 337 292 Explicat
356 247 397 290 et,
417 242 606 293 Explicat
629 247 678 289 ut,
700 242 880 292 Explicet
897 248 946 282 ut.
1006 243 1081 281 Sed
1111 256 1200 282 cum
1226 249 1268 282 ut
1290 245 1329 282 in
1355 246 1535 284 omnibus

148 307 253 347 MSS
282 316 433 358 praeter
462 309 614 347 Gembl.
643 314 756 354 extet,
786 321 834 346 ne
866 308 1157 347 Gemblacensis
1186 309 1342 360 quidem
1371 315 1406 347 et
1432 318 1535 349 certo

145 380 310 423 praestet
331 372 438 425 (nam
462 378 498 411 ct
520 374 649 424 potius
675 382 732 411 est
755 374 881 411 uisum
902 374 1148 425 Thomasio),
1172 376 1267 412 inter
1287 375 1467 425 Explicet
1483 382 1534 423 ut,

144 438 335 488 Explicat
365 444 408 476 ut
438 439 726 477 diiudicandum
756 440 833 477 erit.
903 440 987 476 Iam
1017 429 1057 477 si‘
1076 442 1234 489 explicet
1260 446 1302 478 ut
1329 442 1534 491 scripseris,

143 504 350 554 fingendus
377 504 448 542 erit
472 503 697 553 Ophiuchus
720 506 903 553 Anguem
932 513 1020 554 post
1049 512 1156 554 terga
1185 519 1254 543 sua
1283 507 1534 544 conuolutum

144 569 342 618 respicere,
371 576 413 607 ut
441 570 566 607 nodos
596 571 792 619 spirasque
821 571 999 608 manibus
1028 571 1204 608 adhibitis
1233 572 1408 621 explicet.
1467 572 1533 609 Sin

143 635 308 683 explicat
332 639 375 672 ut
398 634 629 684 praetuleris,
651 635 690 671 in
711 635 829 672 dubio
850 636 919 672 erit
939 641 1121 685 urgentem
1143 636 1191 673 ad
1217 638 1383 685 explicat
1407 650 1456 674 an
1483 638 1533 675 ad

142 699 313 749 Respicit
328 700 424 737 trahi
445 700 581 738 debeat
599 714 607 738 ε
637 700 743 749 quod
763 712 852 737 cum
872 701 1079 738 uitaturum
1099 709 1255 751 poetam
1276 702 1390 740 fuisse
1411 703 1532 740 credi-

143 765 217 802 bile
233 765 291 811 sit,
307 765 483 815 equidem
500 765 666 814 priorem
687 772 725 802 et
740 765 942 803 lectionem
965 773 1002 803 et
1022 767 1322 815 explicationem
1343 767 1530 817 praefero.

142 829 240 868 Mox
260 830 299 867 in
321 841 397 879 335
426 830 484 868 Et
500 831 597 867 dedit
621 837 685 867 aut
714 830 894 880 Expedit,
926 838 967 868 ut
999 831 1192 881 Scaligero
1218 833 1344 869 uisum
1372 840 1440 879 est,
1468 841 1533 871 aut

141 889 472 949 Exserit'poterat
487 908 591 942 esse;
621 896 699 934 h.e.
723 900 731 916 ‘
747 897 851 934 reicit
876 909 923 934 ex
948 909 988 934 se
1012 897 1279 946 explicantem,
1301 898 1463 936 liberum
1492 911 1531 938 se

141 960 228 998 facit
247 948 464 1011 explicante
485 960 732 1010 Ophiucho':
772 961 1100 1011 quemadmodum
1121 964 1271 1000 uincula
1291 976 1458 1001 exserere
1476 971 1532 1002 est

141 1026 245 1075 apud
269 1026 419 1064 Colum.
440 1026 510 1062 viii.
532 1028 566 1064 8.

196 1091 377 1130 Ceterum
397 1104 432 1128 u.
455 1104 527 1140 331
556 1092 587 1129 si
606 1104 741 1129 uerum
762 1098 818 1129 est
837 1092 955 1129 dictus
975 1092 1079 1142 quod
1100 1092 1294 1131 Bentleius
1320 1107 1389 1143 pro
1409 1097 1531 1143 signis

140 1156 268 1203 edidit,
298 1158 446 1206 magnis
474 1157 514 1193 in
541 1156 707 1206 Magnes
735 1157 962 1203 refinxerim,
993 1158 1041 1196 de
1071 1158 1219 1208 Triopa
1247 1159 1311 1197 illo
1341 1159 1530 1197 Thessalo

139 1223 393 1272 interpretans
413 1234 529 1272 quem
558 1223 731 1260 nonnulli
760 1222 992 1273 Ophiuchon
1012 1235 1096 1261 esse
1116 1224 1305 1271 dixerunt,
1327 1225 1472 1275 Hygin.
1487 1225 1527 1262 P.

139 1288 187 1325 A.
208 1288 243 1326 ii.
269 1301 328 1335 14.

192 1343 329 1404 Itaque
348 1360 450 1392 totus
468 1353 577 1391 locus
597 1353 650 1391 sic
672 1354 818 1400 euadet,

302 1419 526 1468 Serpentem
556 1418 715 1468 Magnes
744 1419 971 1469 Ophiuchus
999 1420 1156 1458 nomine
1185 1421 1309 1458 dictus

299 1484 455 1530 Diuidit,
485 1490 523 1522 et
551 1484 629 1521 iam
658 1491 739 1522 toto
768 1492 970 1534 urgentem
999 1498 1161 1535 corpore
1191 1499 1341 1535 corpus,

299 1550 475 1600 Explicet
504 1557 544 1587 ut
573 1549 698 1588 nodos
727 1551 952 1601 sinuataque
983 1558 1086 1600 terga
1115 1563 1183 1600 per
1213 1553 1338 1598 orbes,

300 1616 495 1666 Respicit:
528 1615 589 1652 ille
618 1622 748 1653 tamen
778 1617 884 1653 tereti
914 1617 1063 1654 ceruice
1094 1617 1257 1655 reflexus

297 1682 461 1728 Exserst,
490 1681 618 1719 effusis
647 1694 715 1730 per
744 1682 830 1719 laxa
859 1682 1055 1720 uolumina
1084 1682 1233 1731 palmis.

190 1747 221 1786 1.
244 1757 428 1797 351-354
449 1746 503 1784 sic
523 1746 653 1795 scripti
674 1753 762 1784 sunt
781 1748 821 1785 in
842 1747 995 1785 Gembl.
1018 1755 1055 1785 et
1075 1747 1170 1785 Cus.

737 1814 906 1851 succedit
935 1813 1068 1862 iniquo

297 1879 455 1918 Diuisus
484 1881 608 1930 spatio
637 1879 744 1930 quod
773 1880 880 1916 tertia
908 1879 1088 1928 lampada
1118 1878 1246 1928 dispar

297 1945 540 1995 Conspicitur
568 1947 726 1995 paribus
755 1944 925 1982 deltoton
954 1945 1112 1982 nomine
1141 1944 1245 1982 sidus

295 2010 356 2048 Ex
385 2011 496 2048 simili
524 2011 680 2049 dictum.

191 2086 265 2124 352
296 2075 474 2123 Diuisum
501 2077 522 2115 b
551 2076 730 2114 Diuisum
750 2075 919 2124 Regiom.
955 2075 1135 2125 lampade
1166 2071 1280 2112 Voss.2
1300 2081 1408 2112 terna
1429 2073 1523 2110 lam-

133 2142 234 2192 pade
253 2142 304 2179 ed.
323 2141 502 2180 Romana
521 2156 555 2180 a.
580 2153 682 2190 1510
701 2142 801 2179 linea
821 2141 1021 2178 Bentleius.

187 2206 280 2245 Non
314 2208 529 2257 spernenda
557 2215 613 2246 est
641 2207 754 2245 lectio
782 2207 841 2244 ed.
873 2206 1076 2244 Romanae
1104 2206 1202 2255 quod
1225 2210 1330 2242 terna
1359 2206 1526 2254 lampade

133 2272 264 2321 dispar
294 2272 531 2322 Conspicitur
548 2273 721 2323 paribus,
751 2272 950 2310 obscurior
977 2272 1040 2309 illa
1068 2272 1237 2320 quidem,
1268 2270 1335 2308 sed
1364 2269 1525 2307 fortasse

133 2349 214 2375 non
234 2338 441 2376 abhorrens
461 2351 484 2376 a
504 2338 678 2376 Manilio.
734 2337 918 2375 Deltoton
939 2350 986 2374 ex
1007 2344 1035 2372 Δ
1057 2337 1134 2374 siue
1161 2335 1347 2384 triangulo
1368 2335 1523 2380 dictum,

133 2403 268 2453 aequis
294 2403 475 2442 lateribus
501 2405 664 2450 duobus,
685 2416 764 2441 uno
784 2403 957 2440 breuiore
978 2409 1035 2440 est
1055 2402 1218 2453 (Hygin.
1240 2401 1281 2438 P.
1304 2401 1351 2437 A.
1373 2400 1421 2436 iii.
1446 2400 1523 2450 18).

134 2468 270 2517 Itaque
303 2481 378 2506 una
414 2469 593 2519 lampade
619 2468 748 2518 dispar
773 2475 829 2505 est
853 2468 1006 2517 paribus
1032 2467 1173 2505 duabus
1193 2466 1312 2516 (lerna
1331 2481 1371 2498 =
1391 2477 1405 2501 1
1422 2471 1455 2506 -ι-
1470 2464 1522 2515 2).

134 2532 235 2571 Arat.
258 2546 333 2582 234
355 2537 392 2570 τὸ
413 2535 442 2571 δ’
458 2537 512 2572 ἐπὶ
532 2537 643 2582 τρισὶν
663 2535 867 2580 ἐστάθμηται
882 2534 1060 2571 Δέλτωτον
1079 2535 1276 2580 πλευρῇσιν,
1294 2532 1524 2576 ἶσαιομένῃσιν
