1786 2878
243 144 296 192 84
663 149 858 182 NOCTE-9
886 147 1215 179 MANJLJ.›1NAE

241 269 364 293 nemus
385 257 543 292 retinens
558 256 722 304 grauido
742 256 903 303 concepit
920 256 959 291 in
980 255 1076 291 aluo.
1136 253 1166 290 F
1169 252 1338 291 eminino
1359 259 1486 289 tamen
1508 251 1633 301 posuit

242 320 423 358 Manilius
436 321 551 357 media
572 321 657 357 aluo
673 320 744 358 III.
765 329 854 369 377,
867 320 1039 368 patulam
1060 319 1187 355 aluum
1203 317 1254 354 ΙΙ.
1275 328 1374 365 253;
1396 324 1531 354 neutro
1546 317 1634 354 loco

244 386 291 424 de
312 386 481 423 mulieris
500 392 608 423 utero
628 385 770 430 dicens,
786 392 824 422 ut
845 384 906 422 hic
927 383 1017 435 (ΙΙΙ.
1038 382 1129 432 195)
1150 382 1251 428 fecit,
1265 389 1301 420 et
1321 389 1408 420 ante
1429 394 1517 420 eum
1533 381 1633 420 fece-

242 458 328 489 rant
348 450 493 489 Caluus
513 457 550 488 et
569 450 696 488 Cinna
717 458 753 488 et
774 451 942 487 incertus
961 449 1021 486 ille
1042 448 1144 498 apud
1165 447 1350 485 Nonium.

297 515 368 553 111.
393 528 467 564 203
490 528 573 565 sqq.
595 516 647 553 sie
668 522 798 553 extant
818 516 857 552 in
879 514 1033 552 Gembl.
1053 522 1090 552 et
1111 514 1201 552 Cus.

406 581 584 618 Forsitan
613 587 649 618 et
678 592 816 630 queras
846 580 935 630 agili
966 592 1048 618 rem
1078 579 1196 617 corde
1225 577 1437 616 notandam

406 644 496 692 Qua
526 646 673 683 ratione
702 657 821 695 queas
850 645 986 683 natalis
1014 652 1188 694 tempore
1217 643 1295 681 nati

301 720 376 758 205
405 711 633 760 Exprimere
662 711 840 748 inmenso
869 717 1092 760 surgentem
1119 709 1370 758 horoscopon
1401 708 1494 745 orbe

407 776 527 822 Quod
555 776 627 814 nisi
656 776 846 814 substellis
874 777 1000 813 uisum
1029 775 1177 813 ratione
1206 782 1354 811 tenetur

409 841 677 878 Fundamenta
705 849 819 878 ruunt
852 842 944 879 artis
972 853 1044 878 nec
1075 846 1266 878 consonat
1294 838 1403 877 ordo.

303 919 377 953 204
407 908 546 943 natalis
566 906 748 944 Vossiani
778 907 867 952 duo,
890 905 980 944 Cus.
1001 919 1020 943 ο
1048 906 1173 942 natali
1189 904 1293 954 Lips.
1317 916 1368 940 m.
1397 916 1452 953 pr.
1478 910 1514 941 et
1539 902 1560 940 b
1615 915 1639 938 a

247 973 318 1009 lali
335 971 516 1021 Scaliger.

305 1048 379 1086 205
410 1039 576 1074 immerso
607 1036 777 1087 Scaliger
810 1039 883 1074 206
919 1036 1103 1074 subslellz's
1131 1035 1284 1074 codices
1313 1035 1444 1072 subtile·
1471 1033 1640 1083 Scaliger

247 1105 351 1140 uisus
371 1103 391 1140 b
404 1115 435 1140 0.

303 1168 403 1206 Tres
431 1167 493 1205 hic
523 1168 764 1206 coniecturas
795 1167 968 1217 Scaliger
998 1166 1208 1216 proposuit,
1230 1179 1253 1202 a
1273 1166 1346 1202 tali
1365 1177 1452 1211 204,
1474 1166 1641 1201 immerso

252 1244 338 1282 205,
369 1234 498 1270 subtili
525 1235 614 1271 206.
690 1233 740 1270 Et
770 1233 896 1282 prima
926 1232 1082 1282 quidem
1117 1231 1334 1281 recipienda
1367 1230 1517 1267 uidetur
1551 1241 1641 1267 cum

250 1298 438 1336 horridius
465 1305 577 1336 sonet
599 1300 738 1335 natalis
763 1303 919 1346 tempore
947 1299 1038 1343 nati,
1059 1309 1174 1334 sensu
1203 1304 1330 1334 autem
1359 1307 1438 1333 non
1468 1294 1642 1332 dissimili

249 1364 416 1412 positum
440 1363 487 1401 sit
510 1365 584 1400 talz'
605 1364 678 1401 III.
701 1375 776 1412 337
799 1364 995 1411 uariosque
1020 1363 1161 1412 referre
1181 1360 1260 1399 Sub
1288 1362 1361 1398 tali
1386 1362 1529 1409 regione
1556 1361 1642 1406 dzes,

253 1431 313 1466 ‘at
333 1441 355 1466 a
376 1429 488 1477 given
509 1426 628 1475 time,’
650 1429 794 1466 ‘under
813 1428 877 1466 the
897 1427 1093 1477 supposed
1112 1425 1286 1477 quarter.’

307 1493 382 1531 Sed
412 1494 558 1532 incerta
591 1500 679 1531 sunt
713 1495 892 1540 immerso,
925 1493 1077 1536 subtili;
1109 1504 1235 1542 neque
1267 1503 1438 1541 unquam
1472 1503 1548 1540 ego
1577 1489 1643 1528 sub

250 1560 362 1596 stellis
399 1559 480 1596 uidi
521 1572 568 1597 ex
606 1559 738 1596 subtili
775 1566 913 1602 ortum,
955 1566 995 1596 ut
1036 1558 1206 1607 Scaliger
1243 1557 1486 1606 arrogantius
1530 1556 1643 1593 adse-

252 1624 408 1661 uerauit.
458 1623 599 1662 Merito
619 1624 745 1674 Fayus
771 1631 810 1662 et
833 1632 921 1673 post
947 1635 1035 1661 eum
1057 1622 1264 1661 Stoeberus
1283 1624 1454 1659 immenso
1474 1628 1644 1658 tutantur

252 1702 299 1726 ex
331 1701 366 1727 u.
405 1699 480 1737 215
514 1693 637 1726 tantae
670 1691 774 1726 molis
805 1690 997 1726 minimum
1030 1688 1243 1737 deprendere
1271 1691 1456 1736 punctum,
1488 1698 1576 1723 cum
1604 1687 1645 1724 in

253 1762 415 1803 utroque
445 1755 532 1792 loco
563 1755 783 1803 respiciatur
812 1755 1049 1791 immensitas
1078 1754 1185 1798 caeli,
1215 1753 1322 1790 cuius
1350 1753 1388 1789 in
1418 1758 1524 1789 tanto
1552 1752 1644 1789 orbe

254 1827 435 1869 tantaque
464 1819 704 1857 multitudine
735 1819 899 1856 siderum
921 1819 1160 1868 horoscopus
1190 1819 1255 1855 uix
1284 1818 1497 1866 indagetur.
1556 1816 1645 1854 Scio

256 1885 284 1921 I.
322 1887 411 1932 829,
450 1887 528 1932 830
565 1885 770 1933 caelumque
803 1885 940 1921 rediret
966 1883 1187 1921 Immensum
1221 1887 1254 1920 et
1283 1896 1405 1920 somno
1438 1887 1549 1919 totum
1587 1883 1645 1918 de-

247 1951 442 1998 prenderet
465 1950 596 1995 orbem,
618 1949 669 1987 II.
696 1951 745 1995 46
780 1949 879 1995 Quin
908 1951 1015 1986 eliam
1044 1949 1197 1986 tenebris
1225 1950 1436 1985 immensum
1462 1952 1646 1993 tartaron,

256 2014 413 2053 fortasse
445 2015 560 2052 etiam
595 2014 625 2051 I.
665 2017 751 2062 176,
785 2023 804 2062 7
840 2014 920 2052 lVec
954 2016 1145 2051 matutinis
1158 2015 1331 2065 fulgeret
1356 2013 1517 2064 Lucfi’r
1544 2013 1648 2050 horis

255 2079 447 2129 Hesperus
485 2082 655 2116 immenso
692 2080 841 2116 dederat
877 2081 943 2128 quz'
977 2081 1095 2116 lumen
1140 2079 1303 2129 OlympO,
1342 2078 1481 2117 eodem
1520 2090 1648 2115 errore

257 2153 435 2194 corrupta
455 2145 558 2182 credi
585 2146 798 2182 immensum
824 2147 1004 2182 immenso.
1060 2146 1110 2182 At
1138 2157 1186 2182 ne
1213 2144 1306 2182 haec
1332 2143 1488 2193 quidem
1515 2143 1647 2192 explo-

258 2218 336 2248 rate
369 2210 506 2248 uitiosa
540 2217 640 2247 sunt.
697 2209 801 2247 Nam
830 2210 860 2247 1.
897 2212 982 2258 176,
1016 2219 1035 2257 7
1067 2210 1164 2248 adeo
1193 2222 1274 2247 non
1303 2209 1445 2258 placuit
1475 2207 1647 2246 Bentleio

258 2275 349 2313 illud
376 2277 556 2319 immerso,
586 2275 810 2324 praesertim
839 2282 1048 2325 praeeunte
1077 2275 1279 2313 submersos
1302 2275 1341 2311 in
1369 2285 1405 2310 u.
1433 2282 1518 2320 175,
1539 2280 1580 2310 ut
1600 2273 1648 2311 de

258 2352 329 2378 suo
367 2346 570 2390 reponeret
606 2339 777 2377 emenso¹.
837 2340 913 2378 Sed
956 2341 1105 2378 retineri
1145 2340 1267 2389 potuit
1307 2340 1505 2376 immenso:
1556 2350 1649 2376 nam

259 2406 325 2456 qui
354 2418 469 2444 mane
497 2406 594 2443 inter
612 2418 734 2454 pauca
764 2405 880 2455 fulget
910 2405 1063 2444 Lucifer
1091 2405 1225 2451 sidera,
1254 2404 1357 2442 idem
1386 2411 1497 2442 nocte
1526 2409 1650 2442 totum

259 2471 410 2510 caelum
431 2471 629 2516 illuminat,
650 2471 746 2507 inter
770 2471 972 2509 innumera
991 2471 1115 2508 sidera
1134 2470 1369 2519 conspicuus
1391 2469 1603 2518 Hesperus.

304 2551 313 2569 ¹
339 2551 389 2582 Ex
404 2551 522 2583 ultimo
539 2561 632 2583 uersu
649 2551 724 2582 libri
735 2551 765 2582 V
780 2551 951 2593 suspiceris
962 2561 1022 2593 pro
1033 2551 1190 2582 immenso
1205 2550 1411 2582 scribendum
1427 2560 1497 2582 esse
1513 2550 1647 2582 irecense.
