1786 2878
227 143 281 184 94
654 143 847 175 NOCTE-5·
875 143 1201 174 MANlLlAMatE

389 248 533 286 Vltima
562 260 659 298 quae
690 248 834 298 fulgent
862 249 993 286 celcris
1023 256 1247 298 merguntur
1276 249 1313 286 in
1343 249 1486 286 umbris

387 313 438 351 Et
467 322 611 363 quanto
640 314 689 351 ad
718 314 864 363 gelidas
893 315 1051 363 propius
1081 315 1166 364 quis
1194 314 1340 352 uenerit
1362 323 1485 353 arctos

283 390 360 428 345
391 379 492 416 Tam
523 379 648 428 magis
677 379 843 417 efficiunt
872 379 990 417 oculis
1021 379 1208 417 brumalia
1236 379 1346 429 signa

389 444 542 494 Vixque
572 451 679 482 ortus
707 457 868 483 occasus
897 445 975 482 erit.

283 521 358 558 343
373 510 517 547 Vltima
530 522 629 559 quae
642 509 872 559 fulgentcnm
885 509 1051 548 Gembl.b
1070 509 1289 560 Vltimaque
1304 509 1487 560 effulgent
1505 508 1615 546 Voss.¹

226 575 446 624 Vltimaque
466 581 501 612 et
514 574 659 624 fulgent
676 574 764 612 Cns.
792 573 905 612 Voss.2
952 575 1095 612 Vltima
1109 588 1206 625 quae
1222 575 1437 624 effulgente
1484 574 1615 612 celeris

225 642 330 678 ambo
359 641 530 678 Vossianz'
552 641 664 677 cetris
684 641 704 677 b
755 640 878 678 caecis
898 653 917 677 o
964 640 1072 678 citius
1092 640 1213 677 Bentl.
1266 641 1422 678 umbras
1452 637 1566 677 Voss.²
1585 652 1615 677 0.

227 719 303 755 344
333 705 490 756 quando
528 704 616 743 Cus.
660 705 832 742 Vossz'anz'
857 705 922 743 bo.
983 716 1059 754 345
1090 705 1256 744 efficiunt
1301 704 1413 743 Voss.²
1444 705 1615 743 officiunt

236 772 329 809 Voss.
368 771 457 809 Cus.
484 771 504 808 b
524 783 542 808 0
562 770 683 809 oculis
711 771 810 808 codd.
839 772 960 808 nostri
975 776 1125 819 praeter
1157 771 1269 808 Voss.2
1313 770 1472 808 occulos
1502 767 1616 807 Voss.²

224 837 317 874 unde
355 836 544 874 Bentlez'ns
590 836 798 873 emendabat
842 836 1030 885 effugiunt
1068 836 1202 874 oculos
1248 836 1375 873 collato
1413 835 1485 873 III.
1535 838 1612 884 378

224 901 370 951 Effugit
399 914 491 951 ergo
521 901 664 939 oculos.
723 903 798 949 346
829 910 936 939 ortus
964 902 1098 939 codices
1128 903 1249 938 nostri
1275 914 1392 939 omnes
1419 901 1510 939 ortis
1542 914 1614 938 non

223 972 306 1004 ante
323 967 528 1004 Bentlez'um
548 981 589 1004 ne
609 968 647 1004 z'n
668 966 989 1005 Bonz'ncontrz'ana
1011 968 1150 1016 quidem
1171 969 1323 1016 repperi.

280 1046 351 1081 341
370 1033 530 1082 fulgent
540 1032 691 1070 Gembl.
706 1045 795 1070 cum
811 1033 840 1078 b,
853 1032 1160 1083 qffulgeaethoss.¹
1179 1045 1267 1070 cum
1280 1037 1351 1077 0‚et
1346 1032 1511 1082 fulgent
1523 1031 1612 1069 Cus.

223 1095 352 1134 Voss.2
408 1095 577 1134 Iacobus
597 1095 671 1133 hoc
698 1096 882 1144 praetulit,
904 1096 996 1132 mihi
1013 1096 1171 1144 fulgent
1194 1096 1323 1144 potius
1347 1094 1612 1144 reponendum

222 1161 381 1199 uidetur.
429 1161 587 1210 Saepius
608 1161 710 1198 enim
730 1161 912 1210 effulgere
929 1161 1104 1199 dicuntur
1120 1173 1219 1210 quae
1238 1161 1339 1198 clara
1358 1160 1441 1197 luce
1462 1167 1613 1197 exstant

222 1234 259 1265 et
279 1239 318 1264 se
339 1227 460 1264 oculis
482 1228 590 1276 quasi
617 1227 805 1276 ingerunt,
826 1239 942 1276 quam
968 1239 1067 1276 quae
1094 1227 1191 1264 inter
1217 1226 1453 1264 obstruentia
1480 1232 1515 1263 et
1543 1226 1611 1262 ob-

223 1293 359 1330 stantia
383 1293 445 1330 uel
469 1305 515 1330 ex
543 1292 661 1341 longo
694 1292 893 1330 interuallo
927 1305 1041 1341 aegre
1077 1292 1334 1341 dispiciuntur,
1366 1291 1493 1341 qualia
1523 1299 1611 1328 sunt

219 1357 352 1396 ultima
378 1359 474 1396 haec
502 1358 627 1396 sidera
647 1369 746 1407 quae
766 1358 831 1395 uix
853 1364 938 1395 ante
959 1358 997 1394 in
1018 1365 1269 1406 conspectum
1289 1362 1475 1394 uenerunt
1495 1368 1611 1406 quam

219 1424 524 1473 exstinguuntur.
581 1425 706 1461 celeris
734 1424 840 1473 quod
870 1423 984 1461 habet
1008 1422 1160 1460 Gembl.
1190 1435 1279 1460 cum
1304 1423 1503 1460 Vossianis
1532 1428 1610 1459 tam

220 1496 348 1538 aperte
376 1501 512 1526 uerum
542 1496 598 1526 est
627 1496 668 1526 ut
699 1491 808 1526 cetrz's
840 1489 901 1526 uel
934 1491 1048 1526 caecis
1081 1489 1187 1538 quod
1220 1488 1425 1526 nonnullos
1456 1487 1610 1525 codices

220 1554 359 1592 inuasit
378 1555 472 1592 uitio
492 1561 651 1600 tantum,
673 1554 834 1592 fortasse
855 1567 901 1591 ex
924 1552 1031 1599 cel’is,
1046 1561 1170 1592 ortum
1191 1554 1256 1590 uix
1278 1553 1448 1590 dubitem
1470 1552 1608 1590 dicere.

219 1619 355 1669 Itaque
375 1620 517 1657 umbris
537 1620 575 1656 in
595 1620 746 1657 umbras
765 1619 991 1657 mutandum
1008 1620 1087 1665 erit,
1110 1620 1205 1656 sicut
1227 1629 1302 1667 373
1320 1617 1472 1655 tenebris
1492 1630 1609 1667 praue

219 1684 372 1723 Gembl.
394 1685 548 1722 exhibet
573 1697 642 1734 pro
670 1697 716 1722 eo
739 1685 843 1734 quod
865 1697 1000 1722 uerum
1029 1692 1108 1722 erat
1134 1685 1307 1721 tenebras.
1367 1682 1442 1720 Sed
1466 1683 1504 1720 in
1531 1692 1606 1731 345

219 1750 370 1788 haereo.
445 1749 549 1787 Nam
587 1762 655 1787 eos
698 1762 880 1787 numeros
922 1749 1198 1799 probabilitatis
1230 1749 1345 1786 habet
1384 1747 1607 1785 Bentleiana

219 1815 436 1853 emendatio
470 1814 651 1864 {ffugz'unt
685 1816 814 1860 oculos,
845 1814 925 1851 siue
959 1827 1006 1851 ex
1044 1813 1354 1863 palaeograpffla,
1389 1813 1468 1850 siue
1502 1812 1607 1863 quod

218 1881 362 1930 optime
395 1880 557 1930 quadrat
596 1880 644 1918 ad
688 1880 925 1925 sententiam,
965 1886 1005 1916 ut
1043 1879 1172 1916 multis
1213 1879 1324 1916 unice
1364 1890 1456 1916 uera
1488 1878 1608 1915 uideri

218 1947 359 1996 possit:
399 1945 591 1995 habetque
623 1945 768 1991 VOSS.²,
793 1945 851 1983 cui
890 1945 1116 1994 plerumque
1154 1952 1193 1981 ut
1231 1944 1381 1982 sincero
1419 1952 1457 1982 et
1491 1944 1608 1981 inter-

217 2011 475 2061 polationibus
519 2011 660 2049 carenti
701 2011 870 2047 maxima
911 2010 1006 2047 fides
1049 2017 1117 2055 est,
1160 2010 1418 2047 accusatiuurn
1460 2009 1606 2046 occulos.

218 2075 302 2115 Nec
336 2084 466 2114 tamen
499 2076 597 2114 adeo
632 2076 832 2125 explorata
866 2088 925 2113 res
958 2082 1014 2113 est
1048 2082 1091 2112 ut
1125 2075 1286 2112 alterum
1320 2074 1413 2111 illud
1449 2074 1611 2124 officiunt

217 2143 342 2189 oculis,
363 2143 401 2179 in
424 2154 502 2192 quo
533 2142 754 2191 conspirant
777 2148 832 2179 tot
859 2149 937 2179 tam
967 2141 1058 2179 boni
1087 2141 1251 2187 codices,
1274 2139 1519 2178 abiciendum
1548 2140 1605 2177 sit.

216 2207 322 2254 Quid
343 2207 373 2245 si
393 2207 613 2257 significarit
633 2214 757 2257 poeta,
779 2219 857 2257 quo
883 2208 1040 2256 propius
1068 2207 1116 2244 ad
1142 2213 1265 2244 arctos
1293 2205 1507 2250 accedatur,
1530 2204 1605 2242 hoc

216 2273 340 2322 magis
368 2272 546 2310 hiemalia
570 2273 691 2310 sidera
717 2272 837 2310 oculis
865 2272 1015 2310 officere
1043 2271 1185 2309 lumine
1208 2271 1355 2308 incerto
1378 2277 1415 2308 et
1437 2270 1543 2307 breui
1567 2277 1604 2307 et

215 2351 304 2376 cum
320 2339 384 2376 uix
399 2339 437 2375 in
453 2345 704 2388 conspectum
720 2338 878 2383 uenerit,
896 2338 1079 2375 continuo
1097 2349 1136 2374 se
1152 2335 1378 2375 occulente?
1416 2334 1521 2372 Nam
1539 2335 1603 2385 qui

216 2416 328 2454 aegre
350 2416 420 2442 nec
447 2403 528 2442 sine
549 2415 699 2441 summa
720 2403 965 2441 contentione
987 2403 1090 2441 sidus
1111 2403 1150 2439 in
1170 2401 1278 2439 caelo
1299 2401 1502 2450 conspicit,
1522 2401 1603 2438 eius

215 2470 334 2508 oculis
355 2469 515 2508 officitur
534 2469 615 2507 siue
636 2469 844 2506 obstructio
861 2468 913 2513 fit,
930 2481 1019 2506 cum
1039 2468 1162 2505 aciem
1182 2468 1221 2504 in
1241 2467 1420 2504 ulteriora
1435 2466 1600 2513 mittens,

215 2547 294 2573 non
324 2535 450 2581 statim
479 2534 516 2572 id
546 2534 650 2585 quod
680 2534 825 2584 quaerit
856 2534 1036 2580 inueniat,
1066 2545 1181 2583 saepe
1211 2544 1259 2570 ne
1291 2532 1410 2582 possit
1445 2531 1600 2581 quidem
