1786 2878
775 154 820 185 Il
1441 145 1495 199 63

99 262 360 314 designandos
394 274 435 300 se
469 261 646 310 accingat
665 275 673 299 :
716 273 795 298 non
829 266 958 298 autem
993 261 1142 297 distinet
1152 274 1170 304 ‚·
1206 265 1354 297 tantum
1387 259 1493 297 enim

98 331 208 368 abest
231 336 271 366 ut
292 335 489 367 cunctetur
518 328 557 364 in
587 327 752 376 agendo,
773 333 814 363 ut
840 326 905 363 uix
935 326 1125 363 destinato
1145 338 1260 375 opere
1281 326 1355 362 iarn
1380 325 1496 363 siluas

97 395 242 439 caedat,
259 395 415 431 arbores
432 393 578 439 deiciat,
594 393 759 441 spatium
780 392 947 429 facturus
963 392 1068 435 urbis
1082 391 1240 428 futurae.
1284 390 1496 428 Manifesto

97 467 350 510 opponuntur
370 460 521 496 animus
541 458 646 508 quod
667 458 842 503 destinat,
861 469 999 495 manus
1020 457 1126 507 quod
1146 456 1304 506 perficit.
1362 456 1497 505 Itaque

98 526 159 563 hic
180 538 334 575 quoque
356 524 534 562 standum
554 537 641 562 curn
664 523 817 561 Gembl.

163 591 279 629 Vertit
295 603 394 641 opus
420 591 558 629 eodem
585 590 678 627 uitio
705 602 751 627 ex
772 589 912 626 Feruit
929 589 1185 633 immutatum,
1212 599 1291 636 quo
1321 588 1419 624 uicta
1449 599 1497 624 ex

87 657 182 707 fictu
202 657 251 694 V.
275 666 363 706 741,
384 657 485 694 uides
505 669 551 693 ex
562 656 661 705 fides
682 655 729 693 V.
753 658 842 702 647.
878 655 1092 703 Vergilium
1114 655 1282 691 imitatus
1302 661 1359 690 est
1380 652 1428 691 G.
1450 653 1496 690 iv.

104 724 177 771 169
199 722 335 759 Feruit
352 729 450 771 epus,
479 723 704 770 redolentque
732 722 852 770 thymo
866 721 1108 771 fragrantia
1138 720 1256 766 mella,
1278 718 1343 756 ubi
1364 718 1502 755 Feruit

98 787 241 825 habent
262 788 426 826 schedae
448 787 671 826 Vaticanae.

153 854 204 892 II.
230 855 359 902 784—8
382 854 434 891 sic
455 859 586 891 extant
605 853 643 889 in
665 852 818 890 Gembl.

264 919 326 957 Sic
356 919 449 956 mihi
478 918 671 956 cunctanti
701 925 830 956 tantae
860 917 1066 956 succedere
1096 916 1188 954 moli

158 987 232 1034 785
264 984 448 1022 Materies
477 985 644 1034 primum
675 996 803 1021 rerum
833 984 980 1021 ratione
1010 990 1159 1020 remota

265 1050 475 1088 Tradenda
503 1057 571 1096 est,
603 1050 700 1087 ratio
729 1062 777 1087 ne
806 1050 853 1087 sit
877 1056 964 1099 post
993 1049 1097 1086 irrita
1127 1060 1225 1085 neue

262 1117 502 1166 Argumenta
531 1116 644 1153 nouis
673 1122 851 1165 stupeant
881 1115 1077 1153 nascentia
1107 1115 1232 1151 rebus.

157 1186 231 1232 784
263 1182 458 1220 cunctanti
491 1182 664 1219 Vossiam·
688 1181 827 1219 cctanti
862 1180 950 1218 Cus.
981 1180 1198 1217 intractanti
1228 1192 1246 1215 0
1276 1178 1368 1215 mihi
1400 1185 1500 1226 trac·-

98 1250 194 1287 tanti
231 1249 400 1297 Regiam.
440 1247 578 1285 Molz'n.
622 1260 709 1284 num
755 1247 950 1296 captanti?
1024 1247 1099 1295 786
1140 1245 1186 1283 sit
1232 1257 1280 1282 ne
1331 1245 1506 1282 Vossianz'

102 1318 176 1364 7:37
200 1321 381 1364 superant
415 1314 527 1351 Voss}
559 1326 646 1350 num
668 1313 872 1363 stupeam?

158 1380 456 1419 Cunctantz'licet
469 1379 622 1417 Gembl.
640 1391 728 1417 cum
745 1378 776 1416 C
781 1390 904 1416 usano
921 1375 1124 1422 tradiderit,
1141 1383 1271 1413 tamen
1288 1375 1390 1413 aliud
1406 1375 1499 1426 quid

99 1447 250 1484 uidetur
270 1447 387 1483 latere
417 1446 456 1482 in
477 1446 662 1482 tractanti
677 1444 782 1494 quod
812 1443 954 1481 multos
976 1443 1130 1480 codices
1155 1442 1306 1479 inuasit.
1365 1441 1499 1478 Mark-

100 1512 238 1550 landus
254 1510 658 1555 conmztiemendabat,
670 1510 736 1547 sed
749 1511 986 1547 tractantiex
1000 1509 1170 1557 captanti
1180 1508 1309 1556 potius
1323 1508 1500 1544 uitiatum

101 1590 196 1615 reor.
218 1577 420 1614 Rariorem
446 1588 558 1613 usum
585 1588 674 1613 cum
698 1575 849 1613 infinito
874 1574 1124 1612 Forcellinius
1145 1586 1192 1611 ex
1214 1572 1359 1610 Ouidio
1387 1571 1442 1609 M.
1465 1585 1501 1609 x.

103 1654 153 1691 50
164 1643 372 1692 prendique
390 1646 424 1678 et
432 1642 613 1690 prendere
633 1646 795 1690 captans,
814 1641 873 1678 bis
893 1653 940 1678 ex
962 1639 1139 1677 Phaedro
1157 1639 1203 1676 iv.
1223 1640 1257 1675 8.
1276 1639 1297 1674 6
1320 1638 1424 1684 Quid
1436 1651 1499 1676 me.

102 1710 230 1757 inquit,
248 1709 362 1745 stulta
378 1708 476 1744 dente
495 1711 621 1756 captas
640 1708 779 1744 laedere
791 1709 812 1743 ,Ρ
830 1719 862 1742 v.
880 1719 914 1754 3.
934 1718 951 1742 2
973 1705 1092 1751 Quam
1113 1705 1317 1754 opprimere
1335 1708 1500 1752 captans,

101 1774 267 1823 denique
288 1786 335 1811 ex
352 1771 567 1811 Columella
578 1773 652 1809 viii.
673 1785 687 1809 1
700 1785 715 1808 1
733 1776 888 1821 captans
904 1772 1061 1820 undique
1076 1772 1276 1819 uoluptates
1297 1771 1499 1818 acquirere,

101 1839 354 1889 adprobauit:
394 1838 535 1888 quibus
565 1837 662 1875 adde
693 1837 769 1875 Cir.
801 1839 878 1886 383
914 1836 1007 1873 Tam
1038 1837 1146 1885 longo
1175 1836 1347 1884 quoniam
1377 1839 1505 1884 captat

100 1917 316 1942 succurrere
335 1905 469 1942 amori.
527 1904 573 1940 In
597 1905 670 1952 787
694 1903 825 1941 nescio
859 1915 908 1940 an
938 1901 1230 1952 praeferendum
1261 1901 1307 1938 sit
1327 1905 1501 1949 stupeam.

103 1970 209 2017 Quid
237 1970 365 2007 enim?
394 1975 546 2006 ueretur
575 1981 623 2006 ne
654 1969 685 2006 si
715 1980 851 2006 causas
881 1967 1140 2005 astronomiae
1175 1972 1262 2003 ante
1294 1965 1501 2003 reddiderit

102 2049 221 2086 quam
237 2035 371 2073 dixerit
384 2034 475 2084 quid
494 2041 609 2084 agant
623 2034 759 2079 sidera,
770 2034 1068 2082 necopinantem
1083 2032 1281 2070 offendant
1298 2043 1423 2068 nouae
1440 2043 1501 2068 res

103 2114 202 2152 quae
232 2109 460 2150 argumenta
489 2114 534 2138 ac
564 2101 732 2138 rationes
758 2100 1000 2149 redarguant.
1053 2099 1115 2137 Sic
1136 2099 1184 2137 V.
1207 2108 1284 2147 355
1308 2102 1504 2135 mutarunt

103 2180 173 2218 pro
194 2172 392 2212 mutarum,
414 2167 593 2204 imendum
615 2179 685 2216 pro
706 2167 860 2203 intendit
879 2166 917 2202 in
937 2172 1097 2215 utroque
1110 2165 1305 2204 Vossiano
1326 2164 1355 2201 Ι.
1382 2166 1468 2202 108.

159 2234 209 2271 II.
232 2235 417 2282 813-815
449 2232 502 2270 sic
523 2239 654 2270 extant
675 2232 714 2268 in
735 2231 887 2269 Gembl.

269 2298 421 2336 Scilicet
449 2298 544 2335 haec
574 2298 691 2334 tutela
721 2296 830 2334 decet
860 2296 1010 2345 fastigia
1039 2308 1192 2334 summa

269 2363 465 2412 Quicquid
495 2370 536 2401 ut
565 2363 733 2400 emineat
763 2362 834 2399 sibi
863 2361 1032 2399 uindicet
1061 2369 1097 2399 et
1127 2361 1222 2399 deus
1252 2360 1359 2398 omni

269 2430 425 2467 Asserat
454 2436 490 2467 et
519 2429 647 2466 uarios
677 2427 882 2465 tribuendo
912 2426 1018 2476 reget
1046 2427 1227 2464 honores.

163 2497 239 2542 814
261 2502 297 2533 et
318 2495 411 2532 deus
431 2495 565 2531 codices
576 2497 728 2542 praeter
757 2491 870 2531 Voss?
927 2499 965 2530 et
988 2492 1026 2529 al
1052 2491 1192 2542 (aliter)
1225 2489 1337 2527 Voss?
1393 2489 1502 2527 omni

111 2560 199 2598 Cus.
230 2559 342 2598 Voss.2
371 2572 487 2598 omne
519 2558 629 2597 Vossf
661 2558 786 2596 omnis
817 2559 836 2594 b
856 2571 886 2596 0.
944 2557 1001 2595 Et
1019 2571 1038 2595 0
1065 2558 1205 2607 quidem
1228 2557 1292 2602 bis,
1315 2568 1404 2593 nam
1418 2560 1505 2604 post
