1786 2878
178 256 209 296 1.
232 259 320 307 778,
346 272 368 308 9

288 323 579 373 Tarquinioque
608 322 737 360 minus
766 334 876 372 reges
905 329 941 360 et
972 323 1136 361 Horatia
1165 325 1294 374 proles

287 388 392 427 Tota
421 389 521 426 acies
551 389 681 438 partis.
1021 432 1025 436 ᾗ

179 453 241 492 Ne
276 453 337 491 hic
376 454 533 504 quidem
566 453 782 491 Bentleium
817 466 970 503 sequor.
1029 453 1107 500 Qui
1142 467 1232 492 cum
1264 455 1361 493 salso
1383 461 1523 504 partus

124 521 297 558 crederet
333 520 373 556 in
413 519 686 557 Gemblacensi
726 527 864 565 extare,
896 519 970 557 hoc
1004 520 1191 568 praetulit.
1247 521 1365 570 Atqui
1395 524 1524 570 partis

125 593 256 622 extare
298 585 338 622 in
378 584 531 622 Gembl.
565 585 669 622 testis
707 592 764 622 est
804 584 1067 630 Thomasius;
1097 590 1238 634 partus
1272 585 1390 624 Voss1
1429 594 1465 623 et
1503 587 1524 624 b

126 651 280 688 habent.
349 650 487 687 Partis
535 650 715 699 equidem
769 649 945 700 praefero
1002 650 1039 687 h.
1059 663 1091 688 e.
1139 651 1257 699 partis
1306 663 1395 689 suae
1444 652 1523 689 siue

127 715 406 762 Romanorum,
439 716 529 765 quia
556 728 648 753 .non
687 715 754 753 toti
793 716 987 761 exercitui,
1021 715 1089 753 sed
1129 716 1329 753 certamini
1368 716 1524 755 fratrum

125 782 252 819 omnis
281 781 435 819 fortuna
464 781 553 820 belli
582 781 792 819 commissa
822 787 890 818 est.

178 847 210 885 I.
232 849 309 896 780

505 912 705 962 maiorque
735 912 826 949 uiris
855 918 891 949 et
922 911 1068 949 Cloelia
1095 910 1217 961 uirgo.

183 979 240 1016 Et
258 979 289 1017 si
308 991 398 1016 uere
421 978 579 1016 traditur
598 978 637 1015 in
659 977 777 1015 Voss2
796 984 833 1014 et
854 990 883 1025 0,
907 976 1080 1027 <Gembl.
1101 976 1217 1014 habet
1232 990 1268 1014 eo
1287 979 1391 1023 colia,
1408 976 1525 1015 Voss¹

125 1045 270 1096 eoeclz'a)
290 1057 371 1086 non
390 1046 498 1082 eliam
525 1043 740 1093 significare
770 1042 894 1088 debet,
916 1042 984 1079 sed
1014 1042 1115 1079 idem
1145 1049 1201 1079 est
1230 1042 1336 1092 quod
1358 1042 1499 1092 ‘idque
1516 1042 1524 1055 ⁷

127 1112 208 1149 Siue
239 1114 248 1129 ‘
265 1117 379 1160 atque
408 1110 479 1157 ea,'
504 1110 669 1158 uirisque
703 1110 825 1145 maior
863 1107 1014 1153 Cloelia,
1045 1108 1152 1157 idque
1180 1109 1290 1156 uirgo
1318 1121 1398 1145 cum
1428 1113 1526 1145 esset.

130 1177 310 1227 Suspicor
336 1183 466 1213 tamen
492 1188 563 1225 pro
582 1179 616 1212 el
639 1174 884 1213 scribendum
914 1185 998 1210 esse
1028 1177 1079 1219 tu,
1104 1173 1198 1211 sicut
1220 1173 1335 1210 etiam
1364 1173 1403 1210 in
1437 1182 1527 1221 795,

127 1243 194 1281 ubi
223 1242 376 1280 Gembl.
396 1241 589 1278 Emerz'tus
618 1241 756 1277 caelum
784 1244 818 1276 et
849 1238 992 1276 Claudi
1013 1251 1151 1287 magna
1171 1245 1342 1289 propago
1359 1238 1434 1284 dat,
1456 1251 1527 1289 pro

127 1313 162 1347 et
179 1307 450 1358 reponendum
469 1307 620 1344 uidetur
640 1310 716 1343 lua.
764 1304 1009 1355 (Clausorum
1031 1302 1253 1354 Breiterus.)

183 1374 214 1412 Ι.
238 1375 420 1424 798-802

563 1437 803 1486 Venerisque
833 1436 882 1473 ab
912 1434 1056 1483 origine
1087 1433 1217 1483 proles

293 1504 391 1542 Iulia
419 1502 618 1541 descendit
647 1502 755 1540 caelo
785 1501 1012 1550 caelumque
1041 1499 1211 1548 repleuit,

186 1573 264 1609 800
294 1569 414 1616 Quod
442 1570 539 1618 regit
566 1568 764 1617 Augustus
793 1566 900 1604 socio
929 1578 997 1615 per
1026 1565 1135 1614 signa
1164 1564 1356 1612 Tonante,

293 1635 426 1674 Cernit
454 1641 490 1672 et
518 1634 558 1671 in
588 1640 700 1671 coetu
729 1632 873 1669 Diuum
903 1642 1166 1680 magnumque
1195 1629 1403 1675 Quirinum

292 1701 419 1739 Altius
448 1699 613 1737 aetherei
642 1710 759 1748 quam
788 1697 927 1735 candet
956 1695 1120 1734 circulus
1150 1695 1265 1733 orbis.

131 1769 190 1806 Ita
217 1767 348 1806 locum
376 1766 494 1804 edidit
526 1765 705 1802 Iacobus.
762 1763 928 1801 Codices
955 1762 1008 1799 sic
1038 1761 1187 1798 uariant
1331 1762 1406 1809 798
1434 1773 1530 1798 uen-

131 1835 274 1884 trisque
309 1832 448 1871 Gembl.
468 1836 502 1869 el
531 1832 649 1868 celeri.
754 1838 829 1878 799
860 1841 909 1865 an
940 1827 1185 1876 soliumque?
1229 1826 1416 1876 repletum
1448 1827 1530 1863 Vos-

129 1901 244 1938 sz'anz'.
356 1900 434 1936 800
464 1897 594 1935 divum
622 1908 673 1934 ex
700 1894 806 1932 duim
837 1895 897 1931 uel
923 1893 1027 1930 dium
1057 1892 1196 1930 Gembl.
1225 1892 1364 1942 quirini
1390 1891 1530 1930 Gembl.

134 1969 209 2003 802
243 1977 319 2015 qua
338 1964 358 2001 b
373 1977 403 2001 ο.

187 2030 377 2069 Notabilis
396 2029 506 2067 locus
525 2035 582 2066 est
601 2033 757 2078 propter
776 2025 1035 2063 adulationem
1048 2024 1223 2072 Augusti.
1259 2022 1363 2060 Nam
1384 2023 1414 2060 si
1436 2023 1531 2061 fides

131 2104 189 2135 est
215 2095 423 2142 codicibus,
445 2094 601 2143 fingitur
620 2092 795 2131 nondum
820 2098 993 2127 mortuus
1020 2090 1219 2138 Augustus
1239 2089 1278 2125 in
1304 2088 1412 2126 caelo
1442 2101 1530 2126 cum

133 2163 228 2201 Ioue
257 2173 428 2211 regnare,
448 2160 578 2210 ibique
607 2159 647 2196 in
675 2158 835 2195 deorum
866 2163 979 2194 coetu
1008 2156 1138 2192 uidere
1162 2154 1302 2191 Iulium
1325 2154 1530 2191 Caesarem

134 2236 172 2267 et
194 2227 405 2265 Romulum
426 2225 532 2276 (Sen.
554 2225 740 2263 Controu.
761 2236 798 2272 p.
822 2224 895 2270 198
917 2220 1026 2258 Burs.
1047 2220 1234 2257 Romulus
1248 2224 1420 2256 sacrasus
1436 2219 1532 2255 caelo

125 2292 286 2344 parens)
304 2306 314 2339 ;
344 2292 408 2342 qui
427 2298 500 2329 tres
520 2291 668 2328 caelum
689 2289 794 2338 quod
814 2287 912 2324 ultra
933 2287 1123 2336 galaxiam
1143 2293 1200 2323 est
1215 2292 1343 2322 tenent
1364 2296 1452 2321 cum
1474 2283 1532 2321 dis

135 2356 354 2394 maioribus.
412 2354 696 2403 Comparentur
717 2350 859 2388 similes
879 2361 1011 2386 uersus
1032 2349 1099 2385 IV.
1114 2360 1271 2396 933—93
1279 2358 1299 2394 5
1314 2346 1375 2383 A'e
1394 2346 1532 2382 dubites

135 2422 281 2459 homini
305 2422 450 2457 diuinos
484 2420 626 2456 credere
659 2418 772 2454 uisus.
830 2415 915 2452 Iam
931 2415 1043 2465 facil
1069 2415 1144 2463 lpse
1173 2414 1253 2449 deos
1281 2412 1457 2459 vastaque
1481 2410 1536 2446 ad

137 2488 259 2524 sidera
279 2499 420 2532 numen,
436 2485 572 2522 Alaz‘us
587 2489 621 2520 el
634 2483 805 2531 Augusto
821 2484 953 2517 crescet
969 2480 1033 2516 sub
1045 2479 1218 2528 principe
1238 2477 1385 2514 caelum.
1427 2475 1531 2512 Nam

139 2560 179 2590 ut
201 2552 230 2590 Ι.
248 2562 322 2601 799
344 2552 480 2589 caelum
502 2550 662 2599 repleuit,
679 2549 728 2585 ita
750 2547 817 2584 IV.
833 2559 881 2595 93
889 2556 909 2594 5
932 2550 1064 2582 cresce!
1081 2545 1216 2582 caelum
1238 2542 1285 2581 ad
1307 2548 1462 2580 auctum
1482 2553 1530 2579 ex
