1786 2878
252 135 307 173 24
665 129 732 161 No
739 129 765 161 C
770 129 803 160 T
799 129 862 160 ES
889 128 963 160 MA
969 128 1108 159 NILIA
1114 127 1182 159 NA
1187 127 1221 159 E

250 250 324 287 sibi
348 248 538 298 utrimque
560 247 676 284 habet
701 247 750 284 ab
780 246 898 284 altera
921 253 1027 296 parte
1061 245 1239 292 Venerem,
1260 246 1309 283 ab
1338 245 1455 283 altera
1483 245 1648 283 Lunam.

253 315 403 353 Dicitur
431 314 536 351 enim
566 325 626 350 res
655 324 755 362 quae
784 312 1010 361 contiguum
1038 311 1109 349 sibi
1133 311 1225 361 quid
1252 310 1367 348 babet
1390 310 1464 348 hoc
1490 315 1648 360 langere.

253 381 334 419 Cic.
357 379 436 417 Mil.
450 381 527 416 xix.
545 388 590 426 51
615 379 668 415 ad
683 378 814 414 uillam
828 389 934 414 suam
954 389 1046 426 quae
1065 378 1166 414 uiam
1186 381 1360 426 tangeret.
1417 376 1529 414 Caes.
1545 375 1649 414 B.G.

252 460 285 483 v.
305 460 326 494 3
342 446 428 483 haec
448 445 584 482 ciuitas
603 443 777 480 Rhenum
797 444 930 493 tangil.

309 511 338 548 I.
360 513 450 557 825,
476 512 498 547 6

418 576 464 613 In
493 576 610 613 breue
639 574 733 612 uiuit
762 585 861 623 opus
891 579 1080 623 ceptaque
1109 572 1287 611 incendia
1316 573 1434 610 finem

419 640 640 678 Subsistunt
668 639 886 689 pariterque
916 638 1060 676 cadunt
1090 638 1314 688 fulgentque
1344 644 1532 676 cometae.

311 707 371 745 Sic
393 706 546 745 Gembl.
601 704 727 743 Ceteri
748 704 802 741 sic
822 703 983 741 uariant.
1034 705 1110 751 825
1130 704 1215 741 ficte
1240 703 1352 741 Voss.‘-'
1373 703 1448 740 fine
1472 699 1597 748 Voss.¹‚
1614 705 1657 738 ut

257 775 414 819 uidetur,
435 785 485 810 ex
505 771 588 809 firte
645 771 816 820 citraque
839 768 1017 806 incendia
1040 769 1157 807 limen
1177 769 1366 806 Bentlez'us
1387 770 1464 806 826
1486 767 1654 817 fulgente

265 839 438 876 Vossz'anz‘
470 837 718 887 fulgenteque
759 834 849 874 Cus.
888 842 1040 873 cometa
1083 835 1258 872 Vossiani
1290 840 1325 872 el
1362 834 1452 873 Cus.
1486 833 1655 884 fugiente

257 911 409 942 cometa
428 902 610 952 Scaliger.

310 969 476 1018 Egregie
497 967 693 1005 Bentleius
719 967 817 1003 citra
844 977 917 1016 pro
944 969 1043 1015 cepla
1070 965 1262 1015 reposuit:
1293 965 1401 1002 limen
1429 965 1494 1002 uix
1523 976 1657 1002 neces-

255 1035 372 1073 sario.
429 1033 577 1080 Quidni
605 1034 701 1070 citra
725 1032 843 1082 finem
872 1038 1047 1069 cometae
1077 1031 1253 1068 dicantur
1281 1030 1510 1068 subsistere?
1552 1029 1657 1066 Nam

258 1113 347 1138 cum
365 1098 591 1136 Aristoteles
611 1110 679 1136 seu
699 1097 785 1147 quis
807 1097 900 1134 alius
922 1096 1229 1146 Meteorologica
1249 1095 1400 1144 scripsit
1419 1102 1658 1133 cometarum

257 1165 571 1216 progressionem
601 1170 865 1214 comparasset
896 1174 985 1200 cum
1023 1168 1146 1199 tractu
1177 1161 1344 1199 siderum
1376 1173 1477 1211 quae
1507 1160 1658 1198 caelum

258 1237 524 1269 transcurrunt
551 1236 631 1267 tarn
660 1229 831 1267 celeriter
864 1235 905 1265 ut
941 1227 1130 1277 principia
1159 1238 1295 1265 cursus
1329 1226 1394 1263 uix
1426 1238 1449 1264 a
1477 1226 1554 1264 fine
1583 1226 1659 1263 dis—

259 1302 467 1335 cernantur
482 1296 506 1333 i.
524 1304 544 1344 7
562 1297 716 1331 τοιοῦτον
735 1297 752 1330 ὁ
773 1294 916 1341 κομήτης
935 1295 1029 1329 ἐστιν
1040 1293 1163 1340 ἀστήρ,
1179 1295 1296 1339 ὥσπερ
1318 1293 1480 1340 διαδρομὴ
1501 1292 1660 1338 ἀστέρος,

259 1366 348 1410 ἔχων
367 1364 401 1398 ἐν
420 1363 510 1411 αὑτῷ
534 1361 639 1408 πέρας
664 1362 717 1396 καὶ
741 1359 858 1407 ἀρχὴν,
881 1358 1089 1395 Manilium
1109 1357 1335 1395 crediderim
1355 1357 1430 1395 hoc
1457 1357 1510 1395 sic
1536 1357 1590 1394 uti
1620 1364 1662 1394 ut

260 1435 499 1466 cometarum
533 1425 829 1463 inflammationi
863 1425 982 1462 finem
1011 1424 1091 1461 siue
1119 1424 1224 1471 πέρας
1252 1423 1428 1472 deneget,
1457 1434 1546 1460 cum
1579 1428 1660 1460 tam

260 1494 390 1531 subito
416 1493 688 1541 extinguantur
714 1498 755 1528 ut
784 1492 881 1527 cz'lra
900 1490 1018 1539 finem
1044 1489 1124 1526 siue
1145 1488 1321 1527 nondum
1341 1487 1519 1526 absoluto
1548 1499 1663 1526 cursu

261 1559 464 1597 uideantur
485 1558 690 1595 subsistere
711 1555 805 1607 (stop
824 1556 959 1605 short).

319 1624 457 1662 Cetera
477 1623 530 1661 sic
552 1623 792 1672 interpretor,
813 1628 986 1659 cometas
1013 1620 1126 1657 simul
1147 1626 1263 1669 atque
1284 1618 1431 1669 fulgere
1452 1624 1664 1668 coeperunt

262 1690 398 1740 perire.
458 1688 558 1725 Mire
592 1695 721 1725 tamen
757 1687 903 1725 dictum
926 1686 1079 1735 pariter
1108 1686 1249 1722 cadunt
1267 1684 1506 1734 fulgentque,
1537 1696 1664 1733 neque

263 1756 338 1794 hoc
359 1754 532 1804 plerique
552 1760 704 1791 tuentur
725 1752 894 1790 codices.
930 1750 1083 1788 Horum
1105 1751 1330 1799 scripturam
1335 1751 1512 1800 fulgente
1531 1753 1665 1786 cometa

263 1827 352 1870 post
382 1819 618 1869 Scaligerum
646 1818 700 1855 sic
726 1817 875 1866 refingo
888 1817 1067 1867 fugiente
1092 1819 1249 1852 cometa:
1282 1815 1319 1852 h.
1341 1828 1373 1853 e.
1396 1815 1460 1852 lux
1491 1822 1664 1852 cometae

263 1899 344 1924 non
372 1885 422 1923 ad
447 1885 565 1922 finem
596 1883 816 1934 perducitur
848 1881 917 1920 sed
947 1881 1061 1919 simul
1091 1893 1180 1919 cum
1220 1881 1343 1930 figura
1381 1881 1463 1919 siue
1501 1891 1663 1930 corpore

265 1958 440 1990 cometae
461 1950 668 1987 euanescit.

325 2018 510 2065 843-845
532 2016 587 2053 sic
607 2021 740 2052 extant
761 2014 800 2051 in
821 2012 975 2051 Gembl.

1002 2073 1212 2116 pastosque
1234 2065 1396 2115 capillos

432 2135 619 2173 Mentitur
647 2135 777 2184 paruis
806 2133 925 2183 signis
954 2132 1193 2182 glomeratus
1223 2131 1261 2168 in
1291 2132 1405 2168 orbes

432 2202 546 2239 Hirta
576 2200 774 2250 figurantis
804 2198 967 2237 tremulo
997 2199 1068 2236 sub
1097 2197 1240 2234 lumine
1270 2209 1437 2234 menses.

271 2272 346 2319 843
376 2275 585 2319 partosque
616 2265 705 2304 Cus.
742 2264 853 2324 Voss}
883 2272 1086 2314 partesque
1124 2260 1236 2299 Voss.2
1265 2274 1485 2312 paruosque
1514 2275 1534 2299 0
1562 2273 1667 2311 spar-

763 2329 774 2348 1

270 2378 412 2415 sosque
450 2364 663 2403 Gronouius
692 2363 849 2412 capillos
883 2361 972 2407 Cus,
1000 2362 1077 2399 h.e.
1113 2363 1132 2397 i
1160 2361 1412 2410 superscrzpla
1446 2364 1490 2396 ul
1512 2359 1670 2408 planius

268 2432 551 2481 szgrmficaretur
583 2429 676 2478 quid
709 2428 832 2465 scriba
871 2428 1009 2464 uiderit
1043 2426 1212 2476 capellos
1246 2424 1402 2462 Iacobus
1441 2429 1595 2461 lestatur
1628 2425 1668 2460 in

281 2498 405 2536 Veneto
424 2509 495 2533 esse
515 2500 548 2532 el
564 2508 587 2531 α
608 2507 654 2531 m.
671 2501 731 2543 pr.
753 2495 791 2530 in
813 2493 1010 2541 Lipszknsi.

327 2565 402 2610 844
427 2561 612 2600 Mentitur
635 2559 760 2610 paruis
781 2559 899 2608 signis
918 2559 1017 2596 codd.
1034 2571 1161 2604 omnes,
1184 2557 1374 2606 nz'sz'quod
1398 2555 1456 2594 uel
1481 2567 1622 2606 paruos
1643 2568 1668 2592 a
