1786 2878
770 153 816 184 [ῐ
1436 154 1487 193 29

177 281 227 320 55
259 270 390 317 Quam
421 281 546 319 neque
578 269 715 307 durato
744 270 932 319 gustarint
962 282 1028 308 ore
1057 269 1236 307 uolucres

257 336 345 385 Ipse
374 348 446 373 nec
476 334 653 373 aethereo
684 334 864 373 Phoebus
892 335 1063 372 libauerit
1091 335 1182 384 igni.

258 400 403 439 Nostra
429 400 566 450 loquar
595 400 687 437 nulli
717 408 847 438 uatum
876 400 1101 438 debebimus
1130 412 1208 445 ora,

258 465 342 503 Nec
371 465 527 512 furtum,
559 466 626 503 sed
656 478 754 515 opus
782 467 921 511 ueniet,
954 466 1114 514 soloque
1144 465 1322 503 uolamus

180 541 229 580 59
261 531 309 568 In
338 531 488 569 caelum
518 543 645 577 curru,
674 532 831 581 propria
860 538 940 568 rate
969 531 1145 581 pellimus
1174 531 1309 567 undas.

151 596 338 645 gustarint
372 595 508 634 Gembl.
536 603 734 644 gustarent
766 596 854 634 Cus.
884 603 1086 646 gustarunt
1115 597 1288 633 Vossz'anz'
1311 600 1346 632 et
1361 595 1490 644 szpsz'-

97 663 204 698 ensis.
253 670 301 709 57
323 661 496 698 libauerit
503 663 670 710 plerique
686 662 877 699 librauerit
898 661 1037 700 Gembl.
1098 664 1146 710 58
1161 662 1336 699 uolamus
1355 660 1493 699 Gembl.

98 727 272 765 locamus
299 726 473 764 Vossianz'
488 725 656 776 loquam'
682 727 772 765 Cus.

154 793 322 829 uolumus
347 792 416 829 etsi
444 792 624 829 traditum
654 800 708 830 est
740 793 779 830 in
811 792 977 838 Gembl.‚
1008 792 1109 830 aliud
1137 793 1285 830 uidetur
1311 792 1426 830 fuisse
1456 792 1495 829 in

100 857 309 907 archetypo
348 857 451 895 unde
490 857 594 895 ducti
633 865 722 896 sunt
760 858 939 896 Cusanus
973 864 1010 895 et
1044 858 1228 895 Vossiani
1255 858 1344 895 duo.
1391 857 1496 894 Nam

100 923 256 972 loquam'
273 921 409 975 (Cus.)‚
425 924 589 960 locamus
606 921 752 973 (Voss.¹
774 931 811 961 et
824 922 854 975 2)
870 936 917 961 ex
935 937 1115 960 uocamur
1130 924 1245 961 credo
1260 924 1497 973 prouenisse.

102 988 154 1026 ΙΙ.
179 1001 253 1035 124
274 989 437 1037 caeloque
456 990 598 1026 ueniret
620 989 728 1035 Quod
744 995 851 1026 uocat
871 991 909 1026 in
929 991 1081 1026 caelum.

160 1063 212 1101 54
243 1054 468 1091 meditantem
499 1054 758 1104 Rossbergius
793 1055 832 1092 in
866 1056 1104 1092 modulantem
1139 1054 1312 1093 refinxit:
1351 1054 1417 1091 sed
1452 1053 1498 1091 cf.

104 1118 219 1157 Luer.
243 1119 290 1156 vi.
321 1131 392 1156 112
420 1119 479 1157 Et
488 1120 661 1169 fragilis
689 1122 830 1158 sonitus
857 1120 1076 1158 chartarum
1100 1122 1374 1157 commedz'tatur
1402 1119 1499 1170 (car-

105 1184 231 1234 basus)
255 1184 434 1222 Prudent.
456 1184 568 1223 Cath.
588 1198 624 1223 x.
650 1199 694 1223 12
702 1199 736 1235 3,
760 1200 782 1234 4
805 1184 976 1238 (semina)
1003 1185 1102 1232 Quae
1122 1187 1266 1224 reddita
1285 1188 1436 1235 caespite
1455 1186 1501 1222 ab

106 1252 176 1287 imo
202 1250 338 1288 Veteres
357 1251 584 1288 meditantur
603 1253 755 1290 aristas.

161 1315 213 1353 II.
236 1317 368 1363 82-89
399 1315 453 1353 sic
475 1323 606 1354 extant
625 1317 665 1354 in
685 1317 842 1354 Gembl.

270 1380 348 1418 Hic
378 1381 492 1430 igitur
522 1382 617 1420 deus
647 1389 685 1420 et
713 1383 809 1421 ratio
840 1395 938 1433 quae
968 1389 1108 1420 cuncta
1139 1384 1326 1432 gubernat

269 1445 388 1484 Ducit
419 1448 468 1484 ab
497 1448 661 1485 aeternis
690 1454 840 1486 terrena
869 1449 1048 1485 animalia
1079 1449 1210 1497 signis.

271 1511 385 1557 Quae
415 1525 639 1562 quanquam
668 1513 788 1563 longo
817 1514 921 1562 cogit
950 1522 1143 1551 summota
1171 1525 1323 1551 recessu

194 1578 244 1624 85
277 1577 417 1615 Sentiri
447 1585 577 1615 tamen
606 1585 647 1616 ut
675 1579 773 1617 uitas
803 1592 847 1617 ac
877 1579 953 1617 fata
981 1580 1194 1617 ministrent

273 1641 464 1680 Gentibus
493 1656 538 1681 ac
568 1645 748 1694 proprios
779 1658 848 1694 per
876 1645 1028 1694 singula
1057 1657 1216 1694 corpora
1246 1657 1385 1682 mores.

275 1707 360 1745 Nec
389 1709 517 1746 minus
546 1716 602 1747 est
631 1710 850 1759 quaerenda
879 1711 973 1748 fides
1002 1711 1056 1748 sic
1085 1717 1271 1760 temperat
1301 1722 1393 1747 arua

276 1772 438 1812 Caelum
468 1774 522 1813 sic
551 1776 675 1813 uarias
704 1775 835 1825 fruges
863 1776 1062 1826 redditque
1091 1776 1277 1825 rapitque,

277 1839 340 1877 Sic
371 1847 536 1889 pontum
564 1847 698 1878 mouet
727 1854 772 1879 ac
801 1842 906 1879 terris
936 1842 1111 1879 immittit·
1131 1848 1168 1878 et
1197 1841 1330 1879 aufert.

171 1906 221 1951 84
252 1905 399 1942 recelsu
425 1904 538 1943 Voss?
575 1909 625 1954 87
648 1906 760 1944 nimis
774 1906 974 1944 Bentleius.
1011 1909 1060 1956 89
1082 1920 1126 1944 ac
1141 1907 1247 1955 [ζῷς.
1269 1914 1305 1944 et
1331 1905 1508 1943 Vossz'am‘.

172 1970 421 2008 Credideram
450 1971 678 2009 infinitiuum
709 1971 856 2010 Sentz'rz'
877 1972 962 2024 (85)
992 1973 1031 2009 in
1060 1972 1230 2009 oratione
1249 1973 1418 2021 positum
1439 1972 1509 2009 ob-

117 2035 220 2086 liqua
239 2048 354 2085 posse
375 2036 424 2074 ad
442 2037 646 2086 opiniones
666 2038 794 2075 referri
815 2050 914 2088 quae
933 2039 1106 2076 uersibus
1129 2040 1192 2082 82,
1211 2040 1259 2086 83
1281 2038 1480 2075 traduntur
1499 2050 1507 2075 ε

118 2101 217 2139 uelle
240 2101 343 2139 enim
373 2101 447 2140 hoc
471 2102 687 2148 Manilium,
719 2106 727 2121 ‘
743 2116 834 2152 quae
862 2102 1009 2153 (signa)
1037 2116 1247 2152 quanquam
1271 2102 1515 2154 (deus)cog1't

120 2167 200 2204 siue
222 2167 335 2216 stipat
353 2168 461 2217 longo
479 2172 658 2205 summota
687 2181 826 2205 recessu
852 2168 955 2205 unde
985 2169 1085 2206 clare
1112 2168 1277 2218 perspici
1306 2176 1510 2217 nequeant,

120 2232 274 2269 tradunt
295 2239 423 2270 tamen
444 2245 490 2271 ea
509 2234 643 2270 sentiri
667 2234 747 2270 siue
777 2235 816 2270 in
845 2246 1001 2271 sensum
1031 2234 1231 2283 peruenire
1252 2233 1451 2270 hominum
1472 2239 1512 2269 ut

121 2297 336 2335 secundum
363 2310 409 2335 ea
437 2298 514 2336 uita
543 2310 588 2336 ac
613 2298 691 2336 fata
714 2299 935 2336 mortalium
962 2297 1206 2336 ordinentur.5
1259 2299 1405 2336 Verum
1425 2310 1514 2335 curn

122 2363 252 2400 durior
271 2363 460 2401 eiusmodi
487 2364 533 2402 sit
556 2370 755 2409 structura,
775 2364 880 2402 malo
905 2364 1141 2414 Pingraeurn
1162 2364 1270 2414 sequi
1297 2370 1334 2401 et
1360 2375 1447 2401 cum
1468 2375 1515 2400 eo

123 2428 311 2466 Iacobum
332 2428 642 2479 Kramerumque
658 2430 793 2466 sentiri
805 2441 852 2466 ex
869 2432 966 2478 cogit
978 2430 1144 2479 pendere
1164 2429 1368 2466 facientes:
1392 2432 1399 2447 ‘
1417 2440 1517 2478 quae

125 2493 269 2545 (signa)
290 2506 515 2544 quanquam
535 2495 654 2544 longo
675 2507 703 2532 s.
724 2507 876 2532 recessu
897 2495 1000 2544 cogit
1021 2501 1151 2533 tamen
1173 2493 1299 2544 (deus)
1322 2491 1475 2531 senti1·i.'

182 2558 300 2605 Quod
321 2560 359 2596 in
382 2563 429 2608 87
453 2560 605 2598 codices
633 2572 769 2597 omnes
795 2561 916 2597 minus
945 2561 1138 2606 exhibent,
1158 2567 1282 2609 potest
1303 2559 1340 2596 id
1362 2559 1518 2609 quidem
