1786 2878
196 131 212 159 1
221 116 276 170 56
611 125 806 157 NOCTES
834 125 1166 157 MAM‘LJANAE

248 231 318 270 IV.
339 233 414 281 883
436 242 519 281 sqq.

354 297 439 335 Iam
467 308 659 347 nusquam
689 302 825 333 natura
852 295 965 343 latet;
996 295 1232 345 peruidimus
1261 308 1419 335 omnem

356 362 406 400 Et
435 369 550 412 capto
579 361 746 411 potimur
773 361 934 407 mundo,
966 368 1219 411 nostrumque
1248 369 1447 410 parentem

250 429 328 476 885
359 428 450 465 Pars
479 440 548 465 sua
576 427 838 476 perspicimus,
869 427 1065 476 genitique
1095 426 1313 464 accedimus
1341 428 1461 465 astris.

356 493 421 530 An
450 493 606 530 dubium
636 499 693 529 est
721 491 891 529 habitare
921 491 1035 529 deum
1066 493 1137 529 sub
1167 499 1320 541 pectore
1350 501 1484 530 nostro

358 559 404 596 In
434 558 659 607 caelumque
688 558 819 595 uenire
848 558 1007 604 animas,
1039 557 1222 606 caeloque
1251 559 1408 596 uenire?

357 623 488 673 thue
517 623 564 662 sit
593 635 639 661 ex
669 623 776 660 omni
805 629 1042 660 constructus
1072 635 1234 672 corpore
1263 624 1430 661 mundus

356 689 531 727 Aetheris
560 696 673 738 atque
702 688 800 737 ignis
830 688 970 724 summi
999 694 1197 737 terraeque
1227 689 1430 738 marisque,

252 757 329 803 890
358 754 479 804 †Spm
508 755 586 777 *³⁶*
615 760 652 791 et
680 760 761 791 toto
790 753 924 802 rapido
954 766 1052 804 quae
1081 754 1183 790 iussa
1211 755 1429 802 gubernant

360 819 421 857 Sic
449 831 534 857 esse
562 819 602 856 in
631 819 743 856 nobis
772 824 917 856 terrene
947 831 1111 868 corpora
1140 820 1251 856 sortis

359 885 672 934 Sanguineasque
702 884 849 921 animas
878 884 1019 930 animo,
1049 885 1114 933 qui
1143 892 1281 922 cuncta
1310 885 1499 934 gubernat

357 950 640 999 Dispensatque
669 949 898 987 hominem?

252 1019 329 1065 890
358 1022 481 1053 totum
519 1013 632 1052 Voss.²
701 1014 876 1064 rapidum
908 1013 996 1052 Cus.
1053 1015 1264 1064 gubernent
1303 1013 1415 1052 Voss.²
1481 1015 1585 1052 uissa

190 1083 313 1131 polius
343 1080 456 1119 Voss?

250 1159 286 1185 u.
313 1148 402 1195 885,
434 1152 534 1184 recte
560 1145 728 1183 Iacobus
760 1145 910 1183 retinuit
933 1144 1040 1182 Pars
1067 1158 1169 1189 sua,·
1204 1145 1453 1194 significatius
1488 1145 1583 1182 dixit

197 1211 381 1250 Manilius
401 1211 577 1249 homines
604 1211 793 1248 mundum
820 1210 1034 1259 perspicere
1061 1223 1083 1247 a
1103 1222 1182 1260 quo
1205 1211 1308 1249 uelut
1332 1218 1490 1260 parente
1511 1210 1583 1248 orti

196 1289 284 1327 pars
305 1277 384 1315 eius
403 1277 558 1327 propria
578 1276 702 1314 adhuc
723 1283 759 1313 et
778 1276 941 1313 indiuisa
962 1283 1154 1313 maneant.

252 1355 288 1380 u.
320 1345 397 1391 890
428 1341 622 1379 Bentleius
657 1348 698 1379 ut
736 1342 907 1390 spurium
947 1341 1080 1379 eiecit:
1120 1341 1296 1391 quamuis
1330 1341 1479 1379 sublato
1512 1341 1585 1379 isto

198 1409 294 1446 desit
313 1407 456 1458 aliquid
476 1407 525 1444 ad
545 1408 885 1457 comparationem.
943 1406 990 1445 Id
1010 1407 1176 1445 Iacobus
1196 1407 1412 1456 intelligens
1432 1418 1585 1444 uersum

198 1474 251 1512 sic
273 1473 436 1512 correxit

361 1538 529 1588 Spiritus
557 1542 591 1575 el
617 1543 713 1575 motu
741 1538 884 1587 rapido,
915 1550 1007 1586 quae
1036 1539 1130 1583 uisa,
1153 1537 1342 1587 gubernet,

199 1603 327 1642 addita
359 1604 430 1641 hae
459 1604 713 1653 explicatione
747 1606 812 1640 ‘ut
840 1604 887 1640 sit
916 1603 954 1640 in
981 1603 1129 1640 mundo
1157 1603 1320 1652 spiritus,
1350 1603 1415 1652 qui
1450 1603 1586 1652 rapido

199 1675 308 1707 motu
335 1681 434 1719 quae
463 1669 545 1706 uisa
565 1669 641 1707 sint
661 1669 858 1717 gubernet,
881 1669 931 1706 ita
951 1668 989 1705 in
1018 1669 1130 1706 nobis
1151 1676 1287 1705 cuncta
1307 1670 1586 1718 gubernantem

199 1735 327 1784 uigere
354 1733 549 1771 animum.’
606 1734 653 1771 In
679 1734 819 1784 quibus
842 1740 971 1771 tamen
992 1734 1127 1771 falsum
1154 1740 1211 1771 est
1240 1734 1340 1771 istud
1360 1747 1452 1783 quae
1471 1735 1552 1770 uisa
1570 1746 1585 1770 .·

200 1812 319 1850 quare
340 1800 442 1837 enim
464 1799 615 1848 spiritus
634 1811 681 1836 ea
701 1800 888 1848 gubernet
910 1811 1007 1848 quae
1031 1799 1152 1836 uidit?
1174 1799 1232 1836 sin
1261 1799 1334 1836 alio
1357 1811 1470 1836 sensu
1491 1799 1585 1836 haec

201 1866 367 1904 Iacobus
383 1865 512 1911 uoluit,
534 1871 573 1901 ut
588 1877 680 1913 quae
699 1865 780 1901 uisa
802 1864 903 1902 idem
924 1866 970 1902 sit
990 1865 1095 1914 quod
1109 1868 1116 1882 ‘
1131 1865 1227 1902 sicut
1247 1865 1280 1902 ei
1301 1865 1425 1902 uisum
1445 1863 1523 1911 est,'
1539 1865 1587 1901 ab

201 1943 272 1969 usu
293 1938 429 1980 poetae
451 1930 610 1967 nimium
632 1930 847 1967 declinauit.

255 1996 413 2041 Versus,
437 1995 466 2032 si
487 1995 651 2044 spatium
675 2002 763 2045 post
784 1990 874 2044 Sfim
897 1995 1076 2045 excipias,
1099 2003 1140 2033 ut
1161 2009 1205 2034 ex
1227 1995 1381 2034 Gembl.
1403 1995 1586 2044 exscripsi

202 2062 255 2100 sic
285 2067 385 2099 extat
415 2061 453 2097 in
483 2060 616 2098 ceteris
645 2061 851 2105 codicibus,
873 2061 945 2098 nisi
968 2061 1072 2110 quod
1094 2061 1224 2099 Voss.²
1249 2066 1370 2106 totum,
1388 2060 1591 2110 gubernent

203 2127 328 2164 habet.
384 2125 434 2163 Et
453 2126 557 2175 prius
578 2126 733 2175 quidem
755 2119 844 2174 3]an
867 2126 946 2163 siue
973 2126 1160 2175 Spiritum
1187 2133 1425 2164 contractum
1446 2125 1586 2163 credidi

202 2205 249 2230 ex
280 2191 501 2241 Spu-illlum,
522 2191 629 2228 cuius
656 2191 809 2240 pluralis
839 2192 1000 2229 alterum
1029 2192 1250 2241 exemplum
1279 2198 1382 2229 extat
1403 2190 1486 2229 Cul.
1513 2193 1584 2228 182

203 2257 407 2306 Spirilibus
433 2258 576 2305 rumpit
587 2257 727 2306 fauces
741 2271 755 2294 .·
788 2257 874 2294 dein
902 2261 998 2294 lorlu
1025 2270 1070 2294 ex
1099 2262 1178 2303 tolo,
1199 2270 1312 2294 causa
1331 2269 1378 2294 ex
1399 2257 1501 2293 iussa
1523 2255 1588 2305 (cf.

204 2326 279 2360 812
307 2321 471 2370 Quaeque
499 2323 577 2358 alia
606 2323 646 2358 in
675 2323 801 2359 uarios
829 2323 978 2372 affeclus
1004 2336 1118 2360 causa
1142 2321 1341 2372 gubernat)
1365 2321 1587 2359 eliciebam:

203 2388 409 2437 sz'rz'luum
430 2392 463 2424 el
482 2391 578 2424 lorlu
604 2387 735 2436 rapido
760 2401 850 2436 quae
876 2401 988 2425 causa
1011 2388 1197 2437 gubernel.
1255 2387 1370 2424 Nunc
1392 2386 1583 2436 plerisque

204 2453 399 2491 adsentior
429 2451 612 2502 Spu-ilum
647 2452 784 2490 eodem
814 2454 907 2491 uitio
940 2461 1067 2492 ortum
1101 2466 1148 2490 ex
1184 2452 1362 2502 Spiritus,
1397 2464 1475 2501 quo
1511 2453 1586 2499 877

205 2531 346 2556 censum
376 2531 422 2556 ex
452 2531 577 2555 census
606 2518 644 2556 in
665 2517 830 2565 Gembl.,
857 2520 933 2568 899
954 2532 1165 2568 censumque
1191 2519 1228 2555 in
1251 2516 1378 2556 Voss?
1400 2516 1586 2567 Lipsiensi
