1786 2878
774 160 820 192 II
1436 166 1462 204 4
1471 166 1487 193 1

92 275 141 302 ex
162 264 276 301 ternis
294 264 494 303 uitiatum:
526 271 708 315 amatque
729 264 912 304 Manilius
928 277 1110 304 numeros
1131 278 1222 305 suos
1238 267 1275 304 in
1298 267 1413 317 partis
1433 280 1492 306 re-

93 329 254 375 soluere,
276 330 486 368 diuidendo
506 336 543 368 et
563 330 866 379 multiplicando.
917 331 970 368 At
996 344 1101 369 nunc
1126 332 1274 370 Iacobo
1295 332 1492 370 adsentior

93 395 335 433 retinendum
362 408 447 433 esse
474 400 605 441 terrae,
628 408 701 433 nec
728 403 859 433 tamen
886 396 957 434 hac
986 397 1263 445 significatione
1288 398 1349 435 ‘in
1378 410 1490 436 usum

92 458 306 497 terrarum’
336 472 455 510 quam
484 461 651 499 Iacobus
681 461 814 506 uoluit,
836 461 904 498 sed
934 469 975 499 ut
1003 462 1224 500 adnectatur
1247 463 1368 500 uerbo
1394 465 1492 500 scri-

92 525 257 563 buntur:
285 525 407 563 sidera
427 525 697 564 adscribuntur
717 527 796 564 siue
817 527 1071 576 adsignantur
1090 534 1212 565 terrae
1233 528 1285 565 ita
1305 536 1345 565 ut
1365 536 1492 567 aestas

93 603 115 628 a
128 589 315 636 Geminis,
332 598 539 628 autumnus
556 604 578 629 a
592 591 763 641 Virgine,
781 593 917 629 bruma
931 605 952 630 a
969 593 1184 642 Sagittario,
1202 606 1271 631 uer
1284 607 1306 631 a
1320 594 1492 632 Piscibus

91 656 259 705 incipiat.
317 656 421 703 Quia
451 664 632 706 quattuor
666 657 756 694 anni
790 664 969 706 tempora
1000 665 1120 695 terrae
1155 659 1356 696 distributa
1391 667 1492 706 sunt,

92 729 213 760 terrae
243 722 283 759 in
306 722 404 760 haec
428 723 649 760 distributae
677 724 816 772 pariter
843 723 1112 761 adtribuuntur
1139 725 1265 762 sidera
1294 737 1362 774 per
1392 738 1491 775 quae

91 794 272 837 quattuor
292 800 360 825 eae
380 796 508 837 partes
528 794 791 837 temperantur
811 796 847 826 et
868 795 1062 838 reguntur.
1119 789 1157 826 N
1161 803 1203 828 ec
1224 802 1315 828 sane
1335 790 1491 840 placent

91 858 208 899 terna,
229 867 346 891 uerna
366 855 405 891 in
425 854 527 891 idem
548 854 734 899 cadentia,
756 854 858 891 idern
879 855 1068 892 sonantia.

147 919 198 957 ΙΙ.
228 928 409 967 270-272
434 919 589 957 Gembl.
611 920 665 957 sic
686 920 842 957 tradidit

257 984 342 1022 Nee
372 985 461 1022 satis
491 992 547 1022 est
575 985 753 1034 proprias
782 985 982 1034 signorum
1013 998 1175 1024 noscere
1205 986 1349 1024 formas

253 1050 462 1088 Consensu
491 1063 649 1101 quoque
679 1050 756 1088 fata
785 1058 946 1088 mouent
975 1058 1012 1089 et
1042 1051 1193 1090 saedere
1223 1053 1394 1102 gaudent

820 1115 872 1146 uel
897 1116 913 1146 f

252 1159 382 1210 Atque
412 1159 493 1197 aliis
523 1159 617 1198 aliae
647 1159 857 1197 succedunt
887 1167 988 1198 sorte
1018 1160 1193 1211 locoque.

147 1235 220 1274 272
253 1225 334 1263 aliis
354 1226 449 1264 aliae
474 1224 561 1264 Cus.
593 1224 704 1262 Voss.l
720 1225 740 1262 b
761 1225 822 1262 alii
844 1226 914 1264 alie
935 1239 954 1263 ο
974 1226 1045 1264 illis
1066 1227 1136 1264 alie
1167 1227 1282 1265 Voss?

143 1291 337 1329 Bentleius
365 1296 481 1328 sortes
509 1304 580 1340 pro
595 1292 765 1341 fornum,
787 1293 885 1329 alias
914 1293 993 1328 alia
1023 1305 1094 1341 pro
1120 1293 1209 1329 aliis
1236 1293 1333 1329 aliae
1355 1293 1486 1331 edidit.

89 1356 208 1406 Atqui
240 1364 355 1406 poeta
388 1356 522 1406 paucis
554 1364 641 1393 ante
672 1356 767 1394 haec
796 1358 969 1394 uersibus
1001 1367 1076 1406 257
1109 1370 1193 1408 sqq.
1225 1358 1272 1395 de
1306 1359 1489 1395 membris

88 1422 283 1467 truncatis,
304 1421 378 1459 hoc
400 1428 472 1467 est,
495 1421 695 1471 deformis
716 1422 882 1459 siderum
903 1422 1053 1460 locutus
1074 1430 1142 1460 est.
1204 1422 1279 1460 Sed
1300 1436 1370 1461 nec
1391 1425 1489 1460 alias

89 1489 168 1525 alia
183 1488 443 1526 necessarium
460 1488 638 1534 arbitr0r;
659 1489 756 1524 aliae
770 1488 919 1526 formae
936 1489 1136 1537 signorum
1153 1489 1243 1526 aliis
1259 1489 1484 1535 succedunt,

90 1560 205 1603 prout
242 1559 387 1591 sortem
426 1553 598 1602 singulae
636 1553 780 1591 habent
823 1553 1014 1591 locumue.
1085 1554 1239 1603 Ecquid
1277 1555 1485 1592 sollennius

89 1619 251 1656 Manilio
271 1630 389 1668 quam
412 1618 568 1656 Zodiaci
589 1619 700 1667 signa
719 1625 917 1668 tamquam
939 1620 1040 1668 ζῴδια
1060 1631 1378 1666 commemorare,
1401 1620 1435 1657 h.
1453 1634 1485 1658 e.

88 1697 178 1722 cum
198 1692 302 1722 certa
322 1685 627 1733 configuratione
648 1686 912 1722 membrorum
929 1685 941 1721 ?

144 1750 195 1788 ΙΙ.
219 1759 294 1798 279
316 1763 403 1800 sqq.
432 1751 486 1788 sic
506 1758 637 1787 extant
657 1751 696 1787 in
718 1750 870 1788 Gembl.

250 1815 418 1865 Laniger
447 1822 484 1852 et
513 1817 670 1865 paribus
701 1816 831 1865 spatiis
861 1816 938 1852 duo
970 1815 1079 1863 signa
1108 1816 1232 1854 leonis

146 1883 222 1919 280
251 1882 380 1930 Atque
409 1881 591 1929 sagittarii
622 1881 773 1919 diuerso
803 1881 990 1930 conspicit
1019 1889 1116 1919 ortu.

250 1946 421 1995 Virginis
449 1952 487 1984 et
515 1947 613 1984 tauri
643 1947 869 1996 capricorno
901 1954 1091 1983 consonat
1121 1953 1264 1984 astrum

250 2011 413 2049 Caetera
442 2018 530 2049 sunt
561 2012 674 2049 simili
703 2013 849 2049 ratione
878 2011 1069 2060 triangula
1099 2012 1212 2061 signa

250 2078 324 2116 Per
352 2078 512 2116 totidem
542 2079 650 2116 tortis
680 2079 819 2116 desunt
848 2091 946 2129 quae
976 2079 1133 2116 condita
1162 2080 1310 2118 mundo

252 2143 326 2181 Sed
356 2144 562 2181 discrimen
591 2144 662 2181 erit
693 2144 835 2182 dextris
865 2156 930 2181 seu
962 2156 1077 2181 causa
1101 2144 1252 2182 sinistra

145 2211 219 2258 285
252 2209 364 2255 Quae
394 2210 559 2247 subeunt
588 2222 687 2260 quae
717 2210 950 2258 praecedunt
980 2210 1111 2248 dextra
1141 2223 1226 2248 esse
1254 2210 1435 2248 feruntur.

249 2273 419 2312 Dextera
447 2275 514 2312 erit
544 2282 654 2312 tauro
684 2275 955 2324 Capricornus,
987 2276 1099 2325 uirgo
1129 2276 1291 2314 sinistra.

251 2339 342 2377 Hoc
371 2340 460 2378 satis
488 2341 667 2389 exemplo
697 2347 763 2378 est.

146 2414 220 2452 279
242 2403 412 2454 Laniger
428 2412 465 2442 et
480 2407 613 2442 codices
647 2405 846 2454 Lanigere
865 2405 1038 2455 Scallger
1072 2420 1118 2444 ex
1136 2408 1262 2443 malim
1297 2405 1479 2454 Lanigeri

87 2468 254 2508 Iacobus.
301 2473 378 2507 280
407 2471 594 2520 conspicit
611 2471 715 2519 Lz'ps.
732 2471 785 2508 ob
807 2472 999 2520 conspicis
1024 2472 1201 2509 Vossz'anz‘.
1254 2473 1328 2518 283
1359 2471 1427 2508 toti
1448 2484 1479 2509 0.

141 2533 302 2573 Difficile
341 2542 398 2574 est
436 2536 532 2574 inter
570 2538 753 2585 conspicit,
793 2539 972 2586 conspicis
1017 2537 1247 2574 diiudicare:
1297 2535 1388 2573 illud
1428 2536 1479 2574 ad
