1786 2878
282 154 367 186 210
717 150 913 183 NOCTES
940 150 1271 182 MANILIANAE

278 257 381 294 omni
409 254 507 294 Scal.
540 268 789 305 summamque
824 261 1015 305 utramque
1052 255 1249 294 Bentleius
1289 256 1408 293 uincit
1437 267 1533 305 ego:
1575 267 1667 294 nam

278 321 420 372 gradus
444 321 509 371 qui
531 329 570 359 et
590 329 770 371 quartum
796 328 834 359 et
859 322 1036 372 quintum
1064 333 1188 370 genus
1214 322 1334 358 uincit
1357 321 1439 359 siue
1465 321 1667 371 egreditur,

279 393 411 425 sextus
430 393 498 425 est.
553 387 655 424 Dein
675 388 844 424 maxima
864 400 951 436 pars
981 387 1060 425 siue
1091 387 1255 435 septima
1275 386 1469 424 concludit
1489 387 1670 424 minimos

278 451 515 502 eosdemque
534 452 634 489 imos
654 453 762 501 ignes
783 452 962 490 siderum.
1001 459 1096 501 pars
1113 450 1236 489 Bentl.
1255 452 1424 488 minimos
1442 465 1471 489 c.
1487 452 1672 488 concludit

279 522 313 554 el
330 517 421 554 imos
440 529 525 567 ego.

335 581 384 620 V·
408 591 497 630 740,
522 592 594 631 741

444 646 541 684 Sunt
571 647 700 685 stellae
729 659 932 697 procerum
961 646 1113 693 similes,
1145 653 1233 684 sunt
1261 646 1439 697 proxima
1467 647 1606 696 primis

444 711 587 758 Sidera,
618 719 783 762 suntque
812 713 955 762 gradus
984 719 1099 761 atque
1127 712 1260 750 omnia
1288 712 1390 750 uicta
1418 712 1601 762 priorum.

280 778 380 814 uicta
409 776 503 813 nihil
531 784 588 814 est
621 778 695 815 nisi
716 778 828 824 ficta.
888 778 984 815 Sunt
1016 777 1156 827 gradus
1191 776 1359 814 siderum
1393 784 1507 827 atque
1541 777 1673 815 omnia

280 854 380 891 quae
400 841 487 879 ficta
505 848 592 879 sunt
612 842 661 879 ad
681 843 826 892 priores
845 855 868 880 a
887 843 1160 892 posterioribus
1182 842 1490 880 discernendum.
1535 841 1672 880 Stellae

280 908 384 946 enim
430 914 487 945 tot
533 906 676 945 habent
722 908 1006 957 magnitudines
1046 914 1139 957 quot
1181 907 1221 944 in
1263 906 1487 945 hominibus
1531 907 1672 956 gradus

281 979 370 1011 Sunt
398 972 638 1021 dignitatum.
696 973 758 1011 Sic
787 979 891 1010 uouel
916 985 986 1022 pro
1003 973 1113 1021 fouet
1139 985 1158 1009 0
1178 971 1230 1009 Π.
1253 981 1341 1019 445,
1363 973 1461 1009 uicta
1486 984 1558 1022 pro
1574 972 1672 1021 ficta

281 1037 386 1075 idem
406 1038 530 1075 codex
544 1037 614 1076 IV.
631 1039 718 1085 264,
733 1043 886 1076 uouelur
900 1051 970 1088 pro
974 1039 1135 1087 fouelur
1148 1037 1195 1075 V.
1211 1048 1286 1084 245
1301 1050 1309 1074 :
1330 1039 1489 1086 confecta
1505 1050 1575 1088 pro
1589 1050 1673 1075 con-

281 1106 382 1138 uecta
403 1101 580 1140 Cusanus
596 1103 645 1141 V.
665 1105 753 1152 378.
798 1103 926 1142 Paene
946 1103 994 1140 ad
1014 1103 1176 1140 uerbum
1192 1100 1380 1141 Miltonus
1402 1102 1523 1141 Sams.
1540 1103 1667 1152 Agon.

285 1166 386 1203 1608
407 1167 465 1204 all
479 1168 536 1206 tlze
554 1169 654 1206 lords
673 1169 754 1206 and
767 1169 854 1207 each
874 1169 998 1218 degree
1021 1167 1084 1217 Os
1094 1171 1182 1205 sort.
