1786 2878
207 107 288 152 154
625 107 821 139 NOCTES
843 106 1172 139 M'ANILIANAE

257 213 349 252 Non
372 219 512 251 temere
537 212 629 250 mihi
659 213 808 251 uidetur
840 212 929 250 illud
958 226 1049 262 quae
1077 213 1115 249 in
1146 219 1200 251 tot
1232 211 1384 250 codices
1419 211 1586 250 inlatum.

202 278 339 317 Fuitne

366 355 457 404 Ipsa
476 354 544 406 (sc.
565 352 689 405 signa)
710 354 851 393 docent
870 354 978 393 titulo
998 367 1145 402 causas,
1167 366 1264 405 quae
1287 354 1459 404 ecliptica
1479 354 1590 403 signa

366 420 508 458 Dixere
528 420 702 470 antiqui?

204 497 240 534 h.
261 510 294 536 e.
315 497 426 546 signa
455 497 544 547 quia
567 497 740 546 ecliptica
760 497 809 534 ab
833 497 998 547 antiquis
1026 506 1165 534 uocata
1191 502 1278 533 sunt
1298 508 1366 545 per
1393 509 1432 534 se
1452 495 1592 533 docent

205 574 342 600 causas
377 563 456 600 siue
494 562 766 612 etymologiam
799 562 893 600 tituli
924 563 993 600 sui.
1050 561 1153 600 Narn
1187 562 1346 611 eclipsin
1379 574 1468 599 cum
1501 561 1592 598 luna

205 634 411 677 patiuntur.

262 690 469 745 [Breiterus
497 692 615 731 uerba
641 693 975 742 causae—antiqui
996 692 1222 742 interpolata
1249 692 1436 730 credidit:
1470 698 1595 729 cetera

207 758 260 796 sic
281 757 484 795 scribenda

369 823 461 872 Ipsa
490 821 634 873 (Luna)
666 822 779 861 docet
807 823 960 861 titulos:
991 824 1131 873 pariter
1161 822 1228 861 sed
1257 822 1347 860 bina
1375 818 1584 873 laborant]

262 899 333 937 IV.
356 901 433 948 873
456 911 539 949 sqq.
562 900 615 937 sic
637 900 760 936 traditi
781 907 868 937 sunt
889 899 928 936 in
949 899 1101 938 Gernbl.

372 975 477 1022 Quid
506 976 610 1013 iuuat
639 975 678 1012 in
708 983 828 1014 semet
857 988 925 1013 sua
953 989 1021 1025 per
1050 977 1225 1014 conuicia
1256 975 1341 1014 ferri

368 1040 418 1079 Et
448 1040 623 1079 fraudare
652 1041 763 1079 bonis
792 1053 891 1090 quae
922 1054 992 1079 nec
1022 1041 1117 1079 deus
1145 1042 1287 1079 inuidet
1316 1042 1398 1090 ipse

266 1109 343 1155 875
373 1106 561 1156 Quosque
591 1106 693 1144 dedit
723 1114 859 1144 natura
887 1107 1021 1144 oculos
1050 1106 1243 1156 deponere
1272 1106 1411 1143 mentis

375 1172 634 1222 Perspicimus
663 1172 813 1209 caelum
843 1184 909 1209 cur
939 1184 1020 1210 non
1048 1180 1085 1210 et
1114 1184 1274 1210 munera
1303 1171 1399 1209 caeli

376 1237 499 1287 Inque
528 1237 632 1286 ipsos
660 1237 812 1286 penitus
840 1237 974 1274 mundi
1004 1237 1235 1275 descendere
1265 1240 1385 1275 censfi

376 1301 668 1352 Seminibusque
698 1302 774 1340 suis
803 1309 950 1339 tantam
979 1315 1214 1352 componere
1243 1302 1386 1339 molem

375 1368 426 1405 Et
453 1374 605 1417 parturn
635 1367 729 1405 caeli
760 1379 828 1405 sua
857 1380 925 1417 per
954 1368 1107 1405 nutritia
1135 1368 1231 1406 ferre

271 1435 347 1471 880
376 1433 682 1482 Extremumque
712 1433 820 1482 sequi
849 1441 1002 1482 portum
1032 1440 1231 1483 terraeque
1261 1433 1386 1471 subire

377 1498 584 1535 Pendentis
614 1504 757 1536 tractus
785 1505 823 1535 et
853 1505 934 1536 toto
963 1498 1091 1536 uiuere
1121 1499 1160 1535 in
1190 1499 1284 1536 orbe

377 1563 534 1610 Quanta
562 1570 598 1601 et
627 1575 716 1613 pars
745 1570 917 1612 superest
946 1564 1133 1602 rationem
1163 1564 1308 1602 discere
1338 1563 1472 1600 noctis.

272 1643 345 1689 877
378 1652 537 1678 censum
564 1639 652 1678 Czts.
710 1652 848 1677 census
879 1639 990 1677 Voss?
1011 1641 1030 1677 b
1051 1653 1069 1677 o
1125 1652 1260 1678 sensus
1289 1640 1455 1688 Regz‘om.
1525 1640 1601 1687 879

215 1707 381 1756 partium
410 1719 441 1742 0.
499 1707 578 1742 880
607 1712 761 1754 portum
791 1706 888 1742 codd.
912 1718 1031 1742 omnes
1086 1712 1249 1754 pontum
1269 1705 1466 1741 Bentlez'us.
1526 1705 1600 1740 882

215 1779 252 1809 et
281 1771 380 1808 codd.
400 1770 578 1807 Fortasse
607 1783 653 1808 ea
710 1770 866 1816 Quanta
886 1777 921 1808 et
942 1783 1030 1819 pars
1051 1777 1233 1819 superest,
1255 1771 1443 1807 rationem
1464 1769 1604 1806 ducere

217 1837 335 1874 nostis
363 1836 568 1881 Brez'lerus,
591 1841 633 1872 ul
650 1836 854 1885 z'nfinz'lz‘uos
875 1834 1605 1885 descendere—componere—ferre—

219 1901 694 1952 sequi—subire—uiuere
714 1915 764 1939 ex
783 1901 902 1938 nostis
913 1902 1124 1950 penderent.

274 1967 422 2005 Causas
441 1966 503 2004 hic
524 1966 644 2004 adfert
665 1965 848 2003 Manilius
865 1979 932 2004 cur
948 1967 1202 2004 astronomiae
1225 1965 1320 2003 fides
1339 1964 1517 2002 habenda
1534 1963 1604 2000 sit:

219 2046 288 2071 nec
309 2032 423 2070 deum
445 2032 547 2070 enim
567 2044 639 2069 nec
660 2038 837 2068 naturam
859 2033 1013 2069 obstare
1040 2044 1088 2068 ne
1118 2031 1221 2081 leges
1242 2038 1451 2068 scrutemur
1478 2041 1605 2066 rerum

219 2111 318 2148 quae
347 2098 386 2134 in
415 2097 598 2134 uniuerso
628 2097 776 2134 mundo
806 2103 949 2146 patent.
1023 2096 1061 2133 Si
1092 2096 1148 2134 sas
1177 2104 1234 2134 est
1263 2095 1483 2133 hominibus
1511 2094 1606 2132 caeli

219 2164 356 2201 faciem
376 2163 496 2200 oculis
509 2162 655 2208 intueri,
678 2174 746 2199 cur
766 2174 845 2199 non
865 2162 1003 2199 mentis
1024 2162 1142 2199 oculis
1162 2161 1345 2210 indagare
1366 2160 1476 2198 liceat
1502 2160 1607 2197 dona

219 2229 469 2267 caelestium?
526 2227 616 2264 Hoc
647 2227 750 2264 enim
779 2240 932 2264 munera
961 2228 1054 2264 caeli
1074 2227 1272 2276 significat,
1294 2238 1373 2264 non
1400 2236 1539 2262 munus
1568 2224 1606 2260 id

220 2306 299 2344 quo
333 2293 482 2331 caelum
520 2292 685 2341 fungitur
723 2291 957 2343 (873—876).
1028 2291 1138 2338 Quae
1172 2291 1282 2340 igitur
1321 2290 1411 2327 dicit
1450 2302 1602 2326 munera

220 2360 342 2396 caeli?
384 2358 579 2396 Nimirum
599 2370 644 2396 ea
664 2370 762 2407 quae
784 2358 909 2395 statim
931 2358 1126 2406 subiungit
1145 2370 1212 2406 per
1228 2356 1448 2401 infinitiuos,
1470 2355 1605 2392 mundi

221 2424 407 2461 rationem
441 2435 691 2473 cognoscere,
720 2429 758 2460 et
787 2422 825 2459 in
854 2422 1065 2472 primordia
1095 2434 1163 2459 sua
1193 2422 1272 2459 siue
1303 2421 1451 2458 semina
1480 2431 1605 2457 rerum

222 2489 400 2527 reducere
422 2487 531 2539 (871,
554 2486 674 2539 878);
704 2487 798 2526 caeli
828 2487 1012 2538 principia
1032 2494 1068 2525 et
1088 2487 1195 2538 quasi
1225 2486 1370 2536 primos
1400 2485 1609 2524 nutricatus
