1786 2878
210 140 226 167 1
236 127 290 167 60
625 136 819 168 NOCTES
847 136 921 167 MA
928 136 1066 168 NJLJA
1073 136 1179 168 NAE

205 260 254 285 ne
288 260 310 285 a
345 245 642 297 palaeographia
676 247 832 297 quidem
867 246 1107 286 causandum
1142 249 1235 286 erit:
1281 260 1372 286 narn
1406 248 1444 286 in
1481 260 1594 288 uersu

206 312 577 362 Metamorphoseon
605 313 665 349 vii.
705 315 777 360 158
816 315 935 350 uictor
967 313 1146 351 Iolciacos
1178 315 1297 363 lelzgz't
1325 327 1406 351 cum
1445 316 1594 364 coniuge

195 383 332 428 portus
375 379 542 428 optimus
587 378 710 415 codex
750 377 973 416 Marcianus
1018 378 1257 417 Cholcln'acos
1294 379 1431 426 habet;
1480 387 1517 417 et
1554 381 1592 417 in

206 444 393 481 Seruiano
432 443 579 482 scholio
616 443 665 480 ad
696 443 812 494 Verg.
846 444 928 482 Ecl.
961 445 1007 481 iv.
1043 457 1092 492 34
1131 446 1226 481 socz'z'
1254 444 1402 482 Iasonis
1435 445 1593 492 Minyae

203 511 382 559 appellati
415 513 503 546 sunl
539 510 598 546 uel
631 509 677 545 ab
710 522 804 557 agro
837 510 949 546 huius
983 511 1141 547 nominis
1179 509 1398 547 Colchorum
1429 510 1592 548 Vossius

203 576 414 624 reponebat
431 574 615 611 Iolcorum
636 573 666 623 (?
681 573 910 625 Iolcz'orum).
970 574 1056 620 Sed,
1071 574 1176 624 quod
1198 576 1372 612 omnium
1394 582 1451 613 est
1471 576 1591 612 maxi-

203 653 322 685 mum,
358 641 457 677 bene
491 640 545 677 sic
580 639 794 689 explicatur
823 644 970 687 uertere,
1002 640 1038 677 h.
1067 653 1099 677 e.
1131 652 1154 678 a
1188 640 1344 678 Colchis
1379 641 1417 678 in
1452 641 1589 679 Iolcon

202 706 366 753 migrare
386 706 522 744 facere.

255 771 304 808 V.
327 784 388 818 44,
413 781 461 819 45
483 771 536 809 sic
556 770 682 809 traditi
703 777 790 809 sunt
809 771 848 808 in
869 770 1022 808 Gembl.

1010 837 1205 886 aliumque
1233 836 1363 874 uidere

364 901 505 939 Phasin
534 909 570 940 et
598 902 636 939 in
667 907 797 939 cautes
827 901 963 951 Typh1
991 914 1170 951 superare
1200 903 1392 939 triremem
1406 900 1429 938 ¹.

257 977 305 1016 45
327 975 555 1005 trementem
586 967 758 1005 Vossz’anz'
777 966 865 1005 Cus.
887 968 907 1004 b
922 981 951 1004 ο.
989 967 1095 1004 Fors.
1113 974 1318 1005 tenentem.

256 1033 296 1071 Si
315 1034 354 1070 in
367 1031 496 1071 Voss.²
512 1034 703 1070 obstantem
726 1035 771 1069 81
797 1032 850 1070 sic
871 1033 1053 1082 scriptum
1073 1039 1131 1070 est
1152 1033 1431 1081 obsantrunque‚
1452 1031 1586 1070 eadem

200 1098 422 1148 deprauatio
444 1098 569 1148 potuit
589 1110 636 1135 ex
657 1102 824 1135 tenentem
845 1097 968 1134 facere
988 1099 1183 1134 triremem.
1227 1097 1328 1134 Nam
1350 1110 1438 1135 cum
1461 1111 1513 1134 em
1534 1098 1587 1136 es-

199 1165 339 1202 fectum
366 1171 465 1202 esset
484 1177 568 1209 run,
590 1171 631 1200 ut
650 1176 667 1200 e
686 1164 725 1200 in
751 1177 787 1200 rz
815 1163 944 1209 abiret,
966 1163 1048 1212 pari
1075 1163 1220 1200 ratione
1247 1162 1380 1200 credas
1405 1165 1586 1201 lrz'remem

197 1242 245 1267 ex
265 1234 430 1266 tenentem
450 1229 689 1278 profluxisse.

252 1305 337 1344 Liu.
367 1306 471 1343 xxxi.
494 1316 543 1354 45
572 1304 699 1344 Cetera
729 1306 858 1343 classis
892 1304 1107 1343 Geraeslum
1137 1306 1252 1342 tenuit
1263 1318 1279 1342 .·
1309 1311 1347 1342 et
1374 1316 1466 1343 mox
1495 1305 1588 1342 Inde

200 1371 475 1410 Cassandream
495 1376 650 1421 petentes
674 1373 801 1421 primo
828 1371 883 1408 ad
907 1370 1144 1417 Mendaeum,
1170 1371 1398 1408 maritimum
1423 1371 1587 1408 cz'uzlalz's

195 1439 273 1474 eius
292 1439 424 1483 uicum,
445 1442 595 1474 tenuere.

252 1503 300 1540 V.
323 1505 386 1549 46,
408 1512 456 1551 47

359 1568 472 1606 Tolle
502 1568 595 1606 istos
622 1573 751 1617 partus
779 1567 981 1605 hominurn
1010 1567 1082 1604 sub
1111 1565 1232 1604 sidere
1262 1565 1338 1604 tali.

359 1633 562 1671 Sustuleris
591 1633 735 1670 bellum
765 1632 919 1670 Troiae.

194 1699 255 1736 Ex
275 1699 350 1737 hoc
370 1699 455 1738 loco
475 1698 635 1736 fortasse
654 1698 751 1736 tueri
771 1698 915 1748 poteris
932 1697 1070 1736 Catulli
1087 1696 1177 1734 illud
1193 1696 1366 1735 absolute
1388 1703 1583 1747 sumptum

193 1764 397 1814 Ingratum
415 1765 567 1802 tremuli
581 1765 662 1801 tolle
671 1765 846 1813 parentis
864 1776 954 1801 onus
973 1763 1085 1800 lxviii.
1112 1774 1196 1808 142.

248 1830 296 1868 V.
321 1841 371 1878 50

356 1894 460 1932 Vera
491 1893 687 1943 Syracusis
718 1893 880 1931 Salamis
909 1905 988 1931 non
1019 1899 1167 1942 merget
1195 1891 1379 1930 Athenas.

194 1961 246 1998 Vt
278 1973 320 1998 ra
358 1958 471 1997 Voss.2
499 1959 623 1998 Versa
650 1958 817 2007 Iacobus,
848 1959 912 1996 sed
936 1959 975 1995 z'n
1009 1962 1114 1996 textu
1142 1957 1255 1995 Victa
1284 1958 1465 2006 praelulit
1492 1956 1582 1995 Vlta

198 2027 238 2064 T
230 2027 429 2064 lzomasz'us.

248 2091 368 2130 Recte
415 2091 582 2128 Iacobus
630 2089 740 2127 Versa
788 2102 836 2127 ex
884 2088 982 2128 coni.
1021 2088 1133 2127 dedit.
1173 2087 1340 2127 Salamis
1377 2100 1486 2125 uersa
1523 2095 1581 2125 est

191 2156 386 2206 triumphi,
401 2156 467 2206 qui
486 2155 535 2193 ad
557 2155 790 2192 Salaminem
811 2154 931 2192 factus
951 2161 1028 2192 erat
1047 2153 1352 2198 Atheniensium,
1375 2153 1579 2190 conuersio

191 2223 230 2260 in
249 2221 380 2272 fugam
404 2233 480 2270 qua
500 2220 614 2258 iidem
634 2220 888 2258 Athenienses
910 2219 1107 2268 Syracusis
1134 2219 1256 2256 uictos
1287 2230 1325 2256 se
1352 2217 1577 2255 fatebantur.

191 2288 345 2325 Frustra
369 2285 558 2323 Breiterus
577 2284 713 2322 Mersa
730 2299 744 2323 .·
774 2297 846 2323 nee
868 2284 1069 2323 Thomasii
1099 2285 1198 2322 coni.
1229 2284 1321 2329 Vlla,
1342 2283 1371 2321 si
1401 2283 1579 2320 codicum

190 2353 416 2402 scripturam
450 2351 658 2397 examines,
689 2357 767 2388 tam
800 2363 922 2400 prope
957 2350 1006 2388 ad
1039 2350 1183 2388 litteras
1210 2349 1362 2386 uidetur
1395 2347 1579 2386 accedere

190 2430 308 2468 quarn
338 2417 479 2455 Versa:
508 2416 687 2466 quamuis
711 2416 760 2453 ad
780 2427 936 2454 sensum
963 2415 1110 2465 optime
1137 2414 1286 2452 dicatur
1305 2412 1471 2451 Salamis
1500 2413 1578 2449 ulla

189 2543 215 2573 P
233 2499 334 2573 ²LE32
342 2502 450 2530 tamen
467 2499 619 2572 ‹grgoque
634 2497 784 2529 triremis
799 2497 831 2529 in
848 2497 995 2529 uersibus
1012 2496 1052 2529 de
1067 2496 1212 2538 Sphaera
1222 2494 1315 2528 Caeli
1332 2495 1364 2526 in
1389 2493 1576 2526 Baehrensii

219 2567 224 2573 .
274 2568 280 2574 .
339 2569 345 2575 .
363 2553 391 2573 v.
411 2553 440 2583 p.
459 2551 476 2580 3
501 2551 531 2572 0.
