1786 2878
226 120 279 174 38
642 128 837 160 NOCTES
865 128 938 160 MA
945 129 1196 160 NlLfflNAE

227 234 440 282 suspicatus
471 245 555 270 sum
591 240 784 270 extrusum
819 232 988 270 similiter
1020 233 1091 272 III.
1124 246 1182 271 11.
1214 246 1236 282 5
1268 233 1464 272 Venturam
1496 234 1624 272 melius

220 300 420 348 praesagit
445 299 575 335 namra
607 299 741 342 molem,
768 298 834 335 ubi
863 302 1011 335 mortem
1039 298 1097 337 uel
1125 304 1259 336 noctem
1287 299 1431 337 habent
1456 299 1623 338 codices.

227 365 334 401 moles
365 363 545 413 frequens
579 363 682 412 apud
710 363 927 407 Manilium,
949 363 979 401 1.
1002 366 1079 412 478
1106 364 1187 402 Nec
1220 366 1416 414 quicquam
1451 366 1490 401 in
1520 369 1626 402 tanta

227 430 349 478 magis
385 433 440 465 εει
473 429 643 465 mirabile
674 429 773 470 mole,
806 428 856 466 ΙΙ.
893 430 940 465 62
980 429 1167 479 Ingentem
1201 430 1351 479 aequali
1384 430 1626 467 moderantem

210 495 365 544 foedere
390 494 527 539 molem,
549 494 731 543 quodque
761 494 995 532 simillimum
1024 503 1093 540 est,
1114 495 1144 532 I.
1169 506 1242 544 207
1277 495 1441 532 Vicinam
1473 507 1522 532 ex
1554 495 1628 531 alto

229 560 361 597 mundi
374 572 582 608 cognoscere
601 559 723 596 molem
745 559 918 596 Intendit.
976 559 1025 597 Et
1051 559 1113 599 hic
1136 560 1294 611 quidem
1315 559 1384 611 (II.
1408 559 1502 610 205)
1523 559 1629 596 moles

230 633 332 662 esset
351 637 486 662 cursus
508 636 596 662 cum
618 625 830 662 molimine.

285 689 360 727 Vu.
405 699 588 736 211-215
630 697 745 739 poeta
788 690 879 728 dicit
924 691 957 727 vi
1000 691 1110 741 signa
1158 690 1406 739 Sagittarium
1452 688 1628 728 Leonem

232 755 402 793 Arietem
428 755 557 792 Pisces
588 754 783 793 Cancrum
815 755 1031 805 Scorpium,
1055 762 1123 794 aut
1148 758 1277 794 uicina
1305 757 1391 801 loco,
1412 755 1535 792 diuzka
1563 758 1634 791 aut

223 821 400 870 partibus
419 821 554 868 aequis,
577 820 711 858 diurna
732 821 875 859 uocari.
933 821 1039 859 Tum
1060 822 1165 859 addit

291 887 478 934 216,217

392 950 532 989 Cetera
561 963 632 988 nec
662 962 825 989 numero
856 952 1049 990 consortia
1080 964 1150 990 nec
1180 952 1265 990 uice
1295 952 1393 990 sedis

396 1016 602 1054 Interiecta
631 1016 725 1054 locis
755 1017 916 1054 totidem
946 1025 1136 1056 nocturna
1165 1017 1346 1055 seruntur.

232 1081 350 1131 Atqui
373 1086 501 1126 cetera,
532 1081 799 1130 Capricornus
829 1082 951 1131 Virgo
980 1083 1134 1120 Taurus
1164 1082 1321 1121 Gemini
1351 1082 1469 1120 Libra
1498 1082 1630 1132 Aqua-

233 1147 320 1192 rius,
350 1153 387 1184 et
414 1160 563 1184 numero
586 1145 695 1197 (nam
718 1161 738 1196 3
761 1148 962 1198 signorum
983 1148 1186 1187 interuallo
1206 1149 1302 1186 inter
1322 1160 1361 1186 se
1389 1144 1630 1197 separantur)

231 1219 269 1250 et
295 1213 371 1249 uice
396 1213 491 1249 sedis
512 1211 620 1262 (narn
648 1225 724 1262 qua
750 1215 896 1251 ratione
923 1213 1170 1263 Sagittarium
1193 1212 1287 1259 Leo,
1310 1213 1486 1251 Leonem
1506 1212 1630 1258 Aries,

233 1278 406 1315 Arietem
436 1277 578 1324 Pisces,
610 1278 741 1316 Pisces
771 1279 934 1326 Cancer,
967 1280 1163 1318 Cancrum
1195 1279 1376 1328 Scorpios
1406 1278 1559 1328 excipit,
1590 1283 1633 1314 ut

234 1342 441 1393 Sagittario
464 1342 657 1392 Scorpios,
675 1342 798 1382 Leoni
821 1344 982 1392 Cancer,
1002 1345 1120 1383 Arieti
1141 1345 1271 1382 Pisces
1288 1344 1389 1381 sedis
1406 1342 1633 1393 propinqui-

231 1415 308 1445 tate
337 1408 611 1457 respondeant,
634 1409 771 1447 eadem
799 1418 926 1448 cetera
955 1410 1040 1459 sex)
1070 1411 1177 1460 paria
1207 1410 1287 1447 siue
1313 1409 1507 1447 consortia
1533 1414 1634 1445 sunt.

232 1473 449 1511 Luculente
470 1473 509 1510 id
530 1474 699 1511 ostendit
729 1474 920 1513 Breiterus
940 1476 978 1513 in
1001 1476 1102 1514 Nou.
1116 1475 1297 1513 Annalib.
1319 1473 1455 1511 Philol.
1477 1485 1511 1511 a.
1532 1474 1632 1521 1889

232 1551 297 1589 pp.
323 1541 411 1587 298,
435 1552 457 1587 9
479 1539 609 1577 addito
630 1539 908 1588 diagrammate
925 1541 957 1578 ⁷³².
1013 1541 1063 1579 Et
1083 1541 1144 1579 hic
1165 1540 1321 1590 quidem
1343 1539 1499 1588 corrigit

399 1603 536 1641 Cetera
565 1605 626 1641 uel
651 1617 813 1644 numero
842 1607 1036 1645 consortia
1064 1608 1124 1644 uel
1149 1607 1232 1644 uice
1261 1605 1375 1643 sedis.

234 1668 335 1706 Mihi
364 1669 614 1706 scribendum
641 1669 794 1708 uidetur
820 1679 884 1709 aut
941 1672 1079 1710 Cetera
1106 1685 1204 1709 nunc
1228 1683 1264 1708 n.
1287 1682 1319 1708 c.
1340 1682 1438 1706 nunc
1463 1681 1499 1706 u.
1521 1680 1550 1706 s.
1571 1674 1636 1706 aut

233 1733 342 1784 quod
362 1734 608 1771 uerisimilius
629 1734 753 1773 habeo

401 1797 539 1836 Cetera
569 1811 640 1838 nec
671 1813 709 1837 n.
741 1802 917 1839 dz'ssortz'a
947 1814 1019 1840 nec
1050 1814 1085 1839 u.
1115 1814 1144 1839 s.

238 1864 415 1910 Dissors,
434 1864 540 1913 quod
557 1866 718 1903 uerbum
737 1865 922 1905 Heinsius
938 1867 986 1905 ad
1001 1867 1130 1905 Sabin.
1144 1867 1266 1917 Epist.
1283 1866 1305 1903 i.
1323 1876 1373 1914 35
1391 1864 1521 1902 multis
1540 1863 1635 1902 locis

279 1959 297 1980 *
325 1960 459 1992 Breiteri
477 1961 541 1993 hoc
556 1962 761 2004 diagramma
777 1969 845 1996 est:

370 2023 396 2045 1.
423 2015 559 2047 Diurna.

497 2080 517 2110 9
681 2081 698 2111 5
826 2083 837 2104 1
992 2083 1003 2104 1
1013 2083 1028 2104 2
1184 2083 1203 2113 4
1389 2071 1408 2101 8

387 2113 585 2155 Sagittarius
595 2134 635 2138 -—
648 2116 716 2147 Leo
730 2135 771 2140 —
783 2118 877 2149 Aries
907 2123 918 2151 11
951 2117 1059 2149 Pisces
1071 2136 1112 2140 —
1124 2117 1251 2148 Cancer
1264 2133 1302 2137 —
1317 2115 1482 2156 Scorpius.

821 2187 1038 2207 k-V—-d

660 2214 1201 2248 h——V———r‘

371 2321 398 2343 2.
425 2311 609 2344 Nocturna.

395 2375 434 2396 10
625 2366 644 2396 6
803 2377 816 2398 2
1031 2377 1048 2407 3
1195 2375 1211 2406 7
1402 2376 1413 2396 1
1424 2376 1435 2397 1

314 2409 533 2452 Capricornus
545 2429 586 2432 —
600 2410 704 2451 Virgo
721 2429 763 2433 —
775 2411 902 2443 Taurus
933 2418 944 2445 u
978 2411 1108 2443 Gemini
1121 2430 1162 2434 —-
1175 2411 1274 2442 Libra
1287 2429 1327 2433 —
1341 2410 1516 2452 Aquarius.

855 2472 1037 2490 ,νὛ-..κ

677 2499 1216 2531 ν-Υ-κ

489 2535 1373 2587 ὶ-Ὗ--κ
