1786 2878
239 143 291 184 86
659 151 724 183 No
732 151 854 182 cTEs
881 150 954 181 MA
961 150 1209 181 ΝΙΛΙΑΛἎΕ

237 263 489 313 Exprimere?
538 262 648 300 Adeo
669 269 731 301 aut
751 262 911 300 latuerat
931 269 994 299 aut
1014 261 1254 300 obsoleuerat
1275 259 1490 298 emendatio
1511 259 1625 297 etiam

238 330 460 367 certissima.

290 394 422 432 Vltimi
441 406 576 432 uersus
600 402 671 441 217
696 393 841 431 incerta
869 398 927 429 est
956 392 1184 429 retractatio.
1242 389 1345 428 Nam
1374 389 1480 440 quod
1504 389 1620 427 habet

241 459 418 509 Regiom.
439 459 638 510 Autfiral
659 471 805 495 occasus
834 462 901 494 aul
923 458 994 494 imo
1012 458 1144 494 sederit
1172 456 1254 493 orbe
1272 456 1336 492 uix
1365 456 1452 494 satis
1473 454 1629 491 Manili-

239 537 382 571 anum;
413 537 484 562 nec
509 524 669 562 omnino
693 523 817 573 placet
837 521 1102 560 Bentleianum
1130 522 1220 560 illud
1240 522 1436 559 antimum
1458 520 1632 558 obsederit

239 592 367 629 orbem.
426 589 728 628 Scribendumne
749 596 805 626 est

402 667 515 714 Quae
544 679 633 716 pars
662 672 839 703 exortum
867 665 927 702 uel
957 678 1053 715 quae
1083 664 1233 714 fastigia
1262 663 1395 702 mundi

403 733 480 769 Aut
508 737 603 768 terat
632 743 793 768 occasus
823 738 886 768 aut
915 731 1028 767 imum
1059 731 1236 768 insederit
1265 730 1427 767 orbem?

295 798 367 835 III.
392 810 463 844 241
489 809 571 846 sqq.

403 863 536 909 Quum
565 869 695 899 tamen
725 862 763 898 in
793 873 1023 911 quoeunque
1053 860 1133 898 dies
1163 860 1360 898 deducitur
1390 866 1490 896 astro

407 928 483 966 Sex
512 927 652 965 habeat
681 939 794 976 supra
823 934 951 971 terras,
981 939 1046 964 sex
1078 927 1187 975 signa
1215 927 1288 963 sub
1317 925 1396 962 illis.

297 994 430 1044 Polyb.
452 994 499 1031 ix.
525 1003 583 1041 15.
605 995 627 1030 8
658 993 784 1028 ἀνίσων
803 994 916 1029 οὐσῶν
933 997 1000 1028 τῶν
1019 997 1155 1038 νυκτῶν,
1177 993 1266 1038 ὅμως
1294 993 1329 1027 ἐν
1348 993 1443 1036 πάσῃ
1472 993 1512 1035 τῇ
1543 990 1633 1026 νυκτὶ

242 1065 309 1096 τῶν
328 1061 455 1096 δώδεκα
476 1060 602 1108 ζῳδίων
621 1058 658 1104 ἓξ
677 1058 909 1103 ἀναφέρεσθαι
929 1060 1118 1101 συμβαίνει.

298 1124 370 1162 ΙΙΙ.
396 1133 577 1172 247-251
603 1123 656 1160 sie
676 1129 805 1160 extant
826 1123 864 1159 in
887 1121 1039 1160 Gembl.

405 1189 489 1226 Nec
520 1189 586 1226 tibi
617 1188 848 1225 constabunt
876 1188 984 1225 aliter
1014 1188 1175 1237 uestigia
1203 1187 1283 1225 ueri

406 1254 457 1292 Ni
487 1255 611 1292 lucem
641 1260 872 1303 noctemque
902 1255 1002 1303 paris
1032 1253 1228 1291 dimensus
1256 1253 1295 1290 in
1324 1252 1438 1289 horas

406 1321 452 1357 In
482 1326 667 1369 quantum
697 1320 802 1356 uario
832 1325 986 1369 pateant
1015 1320 1087 1356 sub
1116 1326 1290 1368 tempore
1319 1318 1423 1356 noris

302 1398 377 1435 250
408 1385 633 1434 Regulaque
661 1391 797 1422 exacta
824 1385 991 1434 primum
1021 1384 1202 1422 formatur
1231 1385 1269 1422 in
1300 1384 1414 1421 horas

407 1451 518 1498 Quae
548 1451 774 1499 signemque
804 1450 904 1487 diem
934 1450 1063 1487 sedem
1094 1449 1305 1498 perpendat
1335 1456 1371 1486 et
1401 1449 1568 1486 umbras.

302 1521 375 1564 248
407 1517 612 1554 demensus
644 1515 755 1552 Voss?
807 1527 882 1562 250
903 1523 1037 1553 exacta
1061 1514 1270 1564 Cus.L2'ps.
1295 1515 1467 1552 Vossz‘am'
1481 1521 1636 1552 exactas

247 1584 266 1620 b
279 1597 307 1621 o.
339 1582 522 1620 formetur
537 1582 634 1617 codd.
644 1587 792 1630 praescr
813 1580 950 1618 Gembl.
965 1588 1120 1618 exactas
1135 1581 1171 1617 in
1189 1580 1302 1618 horas
1316 1579 1490 1628 Scaltger
1501 1585 1636 1616 exacta

244 1649 282 1685 in
321 1648 415 1685 hora
446 1646 632 1683 Bentlez'us
663 1648 763 1683 ‘m‘sz'
796 1647 924 1695 regula
948 1647 1143 1696 formelur
1182 1647 1221 1681 in
1260 1646 1351 1682 hora
1390 1649 1523 1682 exacta
1560 1645 1637 1681 siue

1418 1720 1450 1739 m
1604 1718 1636 1738 Ill

245 1755 522 1806 aequzbzoctmlzl'
577 1767 646 1803 251
673 1767 907 1804 segnemque
932 1755 1109 1800 Vossi'am'²
1130 1754 1232 1797 Cur„
1255 1768 1273 1791 0
1321 1765 1536 1802 segnesque
1557 1752 1638 1789 dies

247 1823 267 1859 b
318 1821 449 1859 sedem
468 1820 502 1858 C
503 1834 556 1857 us.
571 1821 676 1869 Lz'ps.
706 1820 878 1857 ls'ossz'am'
895 1819 1005 1857 sedes
1020 1832 1038 1855 ο
1055 1831 1192 1869 segnes
1208 1820 1228 1856 b
1243 1824 1276 1856 el
1287 1820 1402 1856 codex
1418 1818 1635 1855 Parisinus.

247 1887 457 1937 perpendet
505 1884 616 1923 Voss.²
682 1884 793 1931 Quae
832 1896 1068 1934 segnemque
1107 1885 1209 1922 diem
1248 1896 1385 1933 segnes
1423 1883 1639 1933 perpendat

247 1960 283 1991 et
316 1953 474 1989 umbras
504 1951 634 2000 Fayus
665 1950 777 1996 Quae
818 1950 1056 1999 similemque
1091 1949 1151 1988 die
1189 1950 1320 1988 sedem
1357 1949 1569 1998 perpendat
1603 1956 1640 1986 et

247 2017 394 2054 umbris
413 2015 619 2053 Brez'lerus.

303 2081 470 2119 Temere
502 2082 663 2118 Iacobus
693 2085 827 2117 exaclcz
858 2080 1138 2118 nominatiuum
1170 2080 1368 2126 retinebat,
1399 2078 1586 2128 producta
1615 2091 1639 2115 a

249 2154 337 2185 ante
355 2148 534 2195 primum.
593 2145 696 2182 Nam
723 2146 827 2194 quod
852 2157 972 2182 unum
993 2145 1161 2182 adfertur
1180 2145 1399 2194 exemplum
1419 2143 1639 2182 huiusmodi

249 2225 272 2250 a
302 2212 487 2250 Cramero
514 2211 556 2248 de
584 2211 750 2247 lilam'lz'i
774 2212 963 2247 eloculz'one
991 2223 1026 2259 p.
1059 2213 1117 2256 18,
1148 2210 1177 2247 Ι.
1209 2223 1259 2258 90
1291 2209 1440 2259 Semper
1468 2211 1560 2246 enim
1590 2221 1640 2246 ex

250 2279 338 2314 aliis
353 2278 430 2314 alsa
441 2278 673 2326 prosemsnal
687 2289 774 2312 usus
790 2277 880 2313 uitio
896 2276 948 2313 sic
966 2276 1146 2313 traditum
1163 2287 1246 2313 esse
1267 2287 1346 2312 non
1367 2275 1511 2311 dubito.
1555 2273 1638 2311 Nec

251 2343 411 2380 Bentleii
431 2342 553 2391 placet
583 2342 676 2379 ratio
696 2347 829 2379 exaesa
851 2344 888 2378 in
913 2342 1006 2378 hora
1035 2341 1245 2387 scribentis,
1266 2348 1302 2378 et
1322 2344 1330 2358 ‘
1346 2338 1638 2389 aequinoctiali’

251 2407 553 2457 interpretantis;
593 2407 696 2456 quod
730 2416 765 2444 et
801 2408 980 2444 arbitratu
1016 2419 1086 2443 suo
1120 2407 1170 2443 ita
1203 2407 1472 2455 interpretatus
1507 2413 1575 2451 est,
1604 2413 1641 2442 et

254 2473 380 2510 nullus
400 2473 452 2510 sic
480 2473 586 2510 locus
613 2480 691 2509 erat
718 2473 990 2521 praepositioni
1017 2473 1067 2517 in,
1092 2471 1158 2509 sed
1185 2471 1486 2520 exspectandum
1514 2471 1641 2520 potius

254 2545 333 2575 erat
354 2538 409 2574 ab.
466 2537 543 2575 Aut
564 2549 697 2574 uerum
721 2549 803 2574 reor
826 2537 860 2574 id
883 2537 985 2586 quod
1007 2537 1146 2574 habent
1168 2537 1188 2573 b
1204 2550 1222 2570 ο
1248 2542 1283 2573 ct
1308 2536 1392 2574 cod.
1415 2535 1530 2574 Paris.
1553 2549 1640 2574 cum
