1786 2878
847 132 881 164 ν
1477 131 1560 175 205

219 236 267 277 V.
289 239 473 288 632—634
495 237 549 277 sic
570 244 700 277 extant
720 238 760 275 in
781 236 934 276 Gembl.

327 305 502 342 Piscibus
531 304 672 342 exortis
702 315 791 341 cum
819 315 910 353 pars
938 303 1120 342 uicesima
1148 303 1272 353 prima

330 369 491 420 Signato
520 376 640 407 terrae
669 369 799 406 lumen
828 368 990 417 fulgebit
1011 375 1056 419 ¹et
1085 369 1169 406 orbi

327 435 467 472 Acrius
496 440 674 472 nascetur
703 445 825 483 equus
855 433 1042 483 caeloque
1071 433 1227 471 uolabit.

220 500 296 548 632
321 500 478 550 Signato
497 499 604 549 Lz'ps.
621 499 814 548 signatum
840 498 951 536 Voss}
973 498 1062 537 Cus.
1081 512 1099 536 0
1115 498 1279 548 signauit
1305 495 1416 536 Voss.2
1437 504 1561 536 terrae

166 565 297 603 lumen
328 565 439 603 Voss.l
458 578 477 602 0
497 571 596 603 terra
617 565 756 602 elimen
783 563 897 601 Voss?

219 629 414 668 Bentleius
430 629 558 668 Voss.2
578 637 731 668 secutus
752 642 786 667 u.
811 632 886 678 632
910 629 965 667 sic
986 629 1105 668 edidit

331 696 505 746 Signabit
533 703 654 733 terrae
683 695 811 742 limen,
841 694 1004 744 fulgebit
1032 701 1069 733 et
1099 695 1182 732 orbi

169 761 266 800 ‘hoc
287 769 355 807 est,
383 761 541 811 stringet
561 761 700 799 lineam
720 760 1009 798 horizontalem.
1069 761 1130 798 Sic
1153 761 1183 798 I.
1206 763 1279 809 581
1306 760 1399 812 (582
1423 758 1560 811 Iacob)

164 827 380 865 Proximus
398 826 496 863 hunc
523 827 636 873 ultra,
662 827 843 864 brumalis
862 828 1004 863 nomine
1017 827 1196 875 gaudens,
1228 826 1361 863 Vltima
1390 827 1563 875 designat

148 893 345 943 fugientis
365 892 497 929 limina
516 889 625 929 solis.y
671 891 747 929 Sed
768 891 908 930 haereo
929 892 967 928 in
988 905 1034 930 eo
1055 892 1161 942 quod
1181 892 1294 929 ceteri
1315 892 1468 929 codices
1483 893 1562 941 ετξ-

164 962 293 995 natum
312 957 373 994 uel
386 958 531 1006 szgnalo
551 956 704 1002 habent,
727 957 833 1006 quod
853 957 917 993 uix
938 964 1087 1006 poterat
1103 970 1149 995 ex
1162 957 1330 1006 „regnabit
1346 958 1563 1006 prouenire.

165 1022 301 1073 Itaque
330 1022 434 1060 haud
459 1022 539 1060 scio
577 1035 626 1060 an
664 1034 743 1059 non
785 1022 970 1061 Stoebero
1010 1023 1138 1072 potius
1177 1023 1471 1060 adsentiendum
1511 1023 1561 1060 sit

164 1088 359 1126 reuocanti
379 1086 579 1136 Signatum
608 1091 729 1125 terrae
757 1089 875 1125 lumen
883 1089 1055 1137 ficlgebz't
1080 1093 1114 1125 el
1143 1089 1233 1134 orbi,
1263 1088 1367 1137 quod
1404 1088 1562 1126 dederat

167 1153 335 1202 Scaliger
355 1153 395 1190 in
415 1153 473 1190 ed.
495 1166 525 1189 1.
574 1153 665 1191 Hoc
697 1153 865 1191 Huetius
890 1154 943 1191 sic
967 1154 1152 1203 explicat:
1184 1153 1410 1202 ‘Szgrnatmn
1440 1159 1564 1191 terrae

165 1219 284 1256 lumen
313 1218 386 1257 hoc
413 1225 470 1256 est
493 1218 623 1255 lumen
653 1219 691 1255 in
713 1219 928 1256 Horizonte
949 1219 1142 1268 signatum
1159 1226 1194 1257 et
1215 1226 1400 1257 notatum.
1459 1219 1561 1257 Cum

166 1285 307 1334 gradus
327 1284 532 1322 uicesimus
553 1284 698 1333 primus
719 1285 881 1334 attigerit
904 1285 1160 1322 Horizontem
1180 1285 1220 1322 in
1240 1297 1364 1334 eoque
1381 1283 1562 1334 fulgebit.'

166 1349 216 1387 Et
236 1350 355 1387 lumen
376 1349 532 1399 quidem
551 1356 608 1387 est
636 1350 674 1386 in
695 1349 847 1387 Gembl.
872 1357 907 1387 et
934 1349 1078 1396 Voss.¹‚
1098 1351 1207 1387 limen
1236 1357 1431 1399 praestant
1460 1350 1565 1400 Lips.

166 1427 217 1452 m.
248 1427 304 1464 pr.
335 1421 371 1452 et
397 1413 526 1452 Voss.2
582 1414 674 1452 Hoc
708 1415 948 1464 praetulerim
965 1427 974 1461 ;
1005 1428 1085 1452 cum
1109 1422 1208 1464 pars
1239 1417 1412 1453 uicesima
1431 1418 1564 1465 prima

150 1481 320 1532 fulgebit
337 1481 523 1529 signatum
545 1480 654 1517 limen
673 1484 794 1517 ferrae
819 1485 852 1517 el
875 1480 960 1518 orbi
983 1481 1077 1519 caeli
1108 1482 1188 1518 siue
1220 1480 1338 1527 caelo,
1360 1481 1396 1518 h.
1410 1493 1443 1519 e.
1474 1493 1564 1519 cum

171 1553 260 1584 21us
280 1546 421 1596 gradus
450 1545 617 1584 Piscium
640 1545 786 1595 fulgore
814 1559 884 1585 suo
905 1547 1069 1596 signabit
1090 1547 1301 1585 confinium
1320 1548 1564 1585 tenebrarum

167 1619 205 1649 et
233 1611 329 1650 lucis
358 1625 406 1650 ex
427 1612 586 1651 Oceano
606 1612 727 1650 elatus
762 1619 799 1650 et
828 1613 866 1649 in
896 1620 1150 1662 conspectum
1180 1613 1373 1662 prodiens.
1429 1613 1565 1662 Itaque

166 1678 275 1715 limen
295 1679 483 1727 signalum
514 1678 650 1715 dicitur
677 1678 890 1728 designatio
925 1679 1057 1727 puncti
1088 1678 1297 1716 horizontis
1326 1679 1392 1716 ubi
1421 1679 1564 1728 incipit,

171 1746 180 1762 ⁴
195 1742 306 1781 when
328 1743 391 1782 the
415 1752 498 1782 21st
519 1744 658 1794 degree
679 1744 808 1782 shines
827 1757 850 1782 a
870 1744 979 1781 mark
998 1757 1051 1782 on
1071 1744 1133 1782 the
1154 1741 1334 1782 horizon?

224 1809 273 1848 V.
296 1810 482 1857 646—648

332 1875 437 1913 Nixa
464 1888 567 1925 genu
597 1876 744 1926 species
774 1883 812 1913 et
840 1876 948 1925 graio
976 1876 1136 1914 nomine
1165 1875 1268 1913 dicta

330 1941 381 1978 Et
410 1953 542 1979 comas
572 1941 766 1991 inguicola
794 1942 904 1979 uides
934 1942 1005 1979 sub
1035 1942 1182 1990 origine
1214 1947 1367 1979 constat

332 2006 480 2044 Dextra
508 2020 577 2057 per
605 2014 798 2045 extremos
828 2007 963 2045 attollit
992 2007 1137 2044 lumina
1166 2007 1310 2045 Pisces.

227 2071 288 2109 Sic
326 2071 491 2119 Gembl.,
526 2085 653 2122 neque
687 2072 794 2110 aliter
822 2072 950 2110 Voss.¹
984 2079 1020 2110 et
1055 2073 1158 2122 Lips.
1193 2073 1264 2110 nisi
1302 2073 1407 2123 quod
1448 2074 1564 2111 ambo

169 2138 373 2187 zbrguicuhz,
401 2137 507 2188 Lips.
534 2151 557 2175 a
584 2151 681 2176 corr.
701 2151 849 2185 conules,
873 2138 965 2176 Cus.
985 2152 1110 2176 comas
1138 2143 1154 2175 Ξ
1174 2140 1341 2188 gentula,
1363 2138 1491 2176 Voss.2
1511 2138 1568 2175 Et

163 2216 286 2252 gonas
300 2205 410 2253 z'uguz'
424 2205 595 2241 onlaudes
610 2203 737 2241 habet.
777 2204 879 2241 Hinc
896 2203 1043 2241 dudum
1059 2205 1315 2242 emendarunt
1328 2203 1564 2252 Engonasin.

172 2268 284 2315 Quae
304 2276 484 2306 secuntur
504 2281 620 2306 nemo
640 2276 727 2306 ante
749 2269 1009 2307 Thomasium
1036 2269 1192 2307 feliciter
1215 2270 1425 2318 temptauit.
1485 2269 1563 2306 Hic

171 2334 275 2370 enim
305 2334 358 2371 sic
387 2334 550 2372 correxit
579 2347 615 2383 p.
641 2347 686 2371 12
709 2335 774 2370 cuz'
794 2335 898 2371 nulla
917 2335 1016 2384 fides
1044 2335 1110 2372 sub
1134 2336 1277 2383 orzgz'ne
1303 2338 1452 2381 constat,
1477 2335 1564 2372 ‘i.e.

174 2398 222 2435 de
243 2399 349 2436 cuius
377 2399 523 2449 origine
552 2399 646 2437 nihil
672 2400 763 2436 certi
791 2400 997 2437 memoriae
1026 2400 1222 2450 proditum
1247 2397 1326 2438 est.'
1385 2399 1567 2450 Sequitur

174 2462 337 2502 Aratum
359 2463 502 2502 Phaen.
526 2467 574 2513 63

336 2532 394 2576 τῆς
422 2530 450 2566 δ’
479 2531 589 2578 ἀγχοῦ
618 2532 774 2579 μογέοντι
804 2529 992 2568 κυλίνδεται
1022 2532 1116 2579 ἀνδρὶ
1144 2532 1250 2568 ἐοικὸς
