<?xml version="1.0" encoding="UTF-8"?>
<!DOCTYPE html PUBLIC "-//W3C//DTD XHTML 1.0 Transitional//EN"
    "http://www.w3.org/TR/xhtml1/DTD/xhtml1-transitional.dtd">
<html xmlns="http://www.w3.org/1999/xhtml" xml:lang="en" lang="en">
 <head>
  <title>
</title>
<meta http-equiv="Content-Type" content="text/html;charset=utf-8" />
  <meta name='ocr-system' content='tesseract 3.04.00' />
  <meta name='ocr-capabilities' content='ocr_page ocr_carea ocr_par ocr_line ocrx_word'/>
</head>
<body>
  <div class='ocr_page' id='page_1' title='image "./noctesmanilianae00elliuoft_0029.png"; bbox 0 0 1786 2878; ppageno 0'>
   <div class='ocr_carea' id='block_1_1' title="bbox 813 146 1524 190">
    <p class='ocr_par' dir='ltr' id='par_1_1' title="bbox 813 146 1524 190">
     <span class='ocr_line' id='line_1_1' title="bbox 813 146 1524 190; baseline -0.003 2"><span class='ocrx_word' id='word_1_1' title='bbox 813 146 838 176; x_wconf 76' lang='lat' dir='ltr'><em>I</em></span> <span class='ocrx_word' id='word_1_2' title='bbox 1499 149 1524 190; x_wconf 92' lang='lat'>9</span> 
     </span>
    </p>
   </div>
   <div class='ocr_carea' id='block_1_2' title="bbox 131 261 1534 2601">
    <p class='ocr_par' dir='ltr' id='par_1_2' title="bbox 131 261 1534 2601">
     <span class='ocr_line' id='line_1_2' title="bbox 131 261 1524 313; baseline -0.002 -12"><span class='ocrx_word' id='word_1_3' title='bbox 131 265 208 302; x_wconf 75' lang='lat' dir='ltr'>iam</span> <span class='ocrx_word' id='word_1_4' title='bbox 224 263 483 313; x_wconf 88' lang='lat' dir='ltr'>deprauarunt</span> <span class='ocrx_word' id='word_1_5' title='bbox 502 262 652 300; x_wconf 90' lang='lat' dir='ltr'>librarii.</span> <span class='ocrx_word' id='word_1_6' title='bbox 695 261 772 300; x_wconf 81' lang='lat' dir='ltr'>Ceu</span> <span class='ocrx_word' id='word_1_7' title='bbox 790 263 1052 312; x_wconf 80' lang='lat' dir='ltr'>sz&#39;lplanclura</span> <span class='ocrx_word' id='word_1_8' title='bbox 1068 263 1231 299; x_wconf 73' lang='lat' dir='ltr'>relictam</span> <span class='ocrx_word' id='word_1_9' title='bbox 1248 261 1524 299; x_wconf 75' lang='lat' dir='ltr'><em>Andromedam</em></span> 
     </span>
     <span class='ocr_line' id='line_1_3' title="bbox 133 329 506 377; baseline -0.003 -9"><span class='ocrx_word' id='word_1_10' title='bbox 133 329 265 368; x_wconf 85' lang='lat' dir='ltr'><strong>Germ.</strong></span> <span class='ocrx_word' id='word_1_11' title='bbox 286 329 392 366; x_wconf 87' lang='lat' dir='ltr'>Arat.</span> <span class='ocrx_word' id='word_1_12' title='bbox 418 341 506 377; x_wconf 87' lang='lat'>199.</span> 
     </span>
     <span class='ocr_line' id='line_1_4' title="bbox 186 392 1048 443; baseline -0.003 -11"><span class='ocrx_word' id='word_1_13' title='bbox 186 395 216 432; x_wconf 92' lang='grc' dir='ltr'>Ι.</span> <span class='ocrx_word' id='word_1_14' title='bbox 237 396 422 443; x_wconf 86' lang='lat'>361-364</span> <span class='ocrx_word' id='word_1_15' title='bbox 443 394 496 431; x_wconf 86' lang='lat' dir='ltr'>sic</span> <span class='ocrx_word' id='word_1_16' title='bbox 515 399 646 431; x_wconf 83' lang='lat' dir='ltr'><strong>extant</strong></span> <span class='ocrx_word' id='word_1_17' title='bbox 665 393 704 430; x_wconf 89' lang='lat' dir='ltr'>in</span> <span class='ocrx_word' id='word_1_18' title='bbox 724 392 877 430; x_wconf 89' lang='lat' dir='ltr'>Gembl.</span> <span class='ocrx_word' id='word_1_19' title='bbox 1045 432 1048 435; x_wconf 66' lang='grc'><em>,</em></span> 
     </span>
     <span class='ocr_line' id='line_1_5' title="bbox 295 457 1169 507; baseline -0.002 -11"><span class='ocrx_word' id='word_1_20' title='bbox 295 459 402 496; x_wconf 88' lang='lat' dir='ltr'>Tum</span> <span class='ocrx_word' id='word_1_21' title='bbox 429 459 556 496; x_wconf 89' lang='lat' dir='ltr'>uicina</span> <span class='ocrx_word' id='word_1_22' title='bbox 586 458 711 496; x_wconf 86' lang='lat' dir='ltr'>ferens</span> <span class='ocrx_word' id='word_1_23' title='bbox 740 470 843 495; x_wconf 85' lang='lat' dir='ltr'>nexo</span> <span class='ocrx_word' id='word_1_24' title='bbox 870 457 1031 507; x_wconf 83' lang='lat' dir='ltr'>uestigia</span> <span class='ocrx_word' id='word_1_25' title='bbox 1061 464 1169 495; x_wconf 88' lang='lat' dir='ltr'>tauro</span> 
     </span>
     <span class='ocr_line' id='line_1_6' title="bbox 294 522 1378 573; baseline -0.002 -11"><span class='ocrx_word' id='word_1_26' title='bbox 294 523 494 562; x_wconf 90' lang='lat' dir='ltr'>Eniochus</span> <span class='ocrx_word' id='word_1_27' title='bbox 523 523 649 561; x_wconf 85' lang='lat' dir='ltr'>studio</span> <span class='ocrx_word' id='word_1_28' title='bbox 678 523 946 573; x_wconf 82' lang='lat' dir='ltr'>mundumque</span> <span class='ocrx_word' id='word_1_29' title='bbox 975 530 1012 560; x_wconf 90' lang='lat' dir='ltr'>et</span> <span class='ocrx_word' id='word_1_30' title='bbox 1041 535 1186 560; x_wconf 89' lang='lat' dir='ltr'>nomen</span> <span class='ocrx_word' id='word_1_31' title='bbox 1215 522 1378 572; x_wconf 79' lang='lat' dir='ltr'>adeptus</span> 
     </span>
     <span class='ocr_line' id='line_1_7' title="bbox 296 588 1253 638; baseline -0.001 -12"><span class='ocrx_word' id='word_1_32' title='bbox 296 589 427 636; x_wconf 86' lang='lat' dir='ltr'>Quem</span> <span class='ocrx_word' id='word_1_33' title='bbox 455 589 582 638; x_wconf 91' lang='lat' dir='ltr'>primo</span> <span class='ocrx_word' id='word_1_34' title='bbox 612 601 724 626; x_wconf 91' lang='lat' dir='ltr'>curru</span> <span class='ocrx_word' id='word_1_35' title='bbox 753 588 979 626; x_wconf 86' lang='lat' dir='ltr'>uolitantem</span> <span class='ocrx_word' id='word_1_36' title='bbox 1008 588 1146 637; x_wconf 88' lang='lat' dir='ltr'>iupiter</span> <span class='ocrx_word' id='word_1_37' title='bbox 1175 588 1253 625; x_wconf 86' lang='lat' dir='ltr'>alto</span> 
     </span>
     <span class='ocr_line' id='line_1_8' title="bbox 295 652 1325 703; baseline -0.002 -12"><span class='ocrx_word' id='word_1_38' title='bbox 295 654 417 701; x_wconf 86' lang='lat' dir='ltr'>Quari</span> <span class='ocrx_word' id='word_1_39' title='bbox 445 654 543 703; x_wconf 81' lang='lat' dir='ltr'>iugis</span> <span class='ocrx_word' id='word_1_40' title='bbox 571 653 770 703; x_wconf 80' lang='lat' dir='ltr'>conspexit</span> <span class='ocrx_word' id='word_1_41' title='bbox 799 654 906 703; x_wconf 89' lang='lat' dir='ltr'>equis</span> <span class='ocrx_word' id='word_1_42' title='bbox 935 653 1119 702; x_wconf 79' lang='lat' dir='ltr'>caeloque</span> <span class='ocrx_word' id='word_1_43' title='bbox 1149 652 1325 691; x_wconf 87' lang='lat' dir='ltr'>sacrauit.</span> 
     </span>
     <span class='ocr_line' id='line_1_9' title="bbox 134 717 1526 769; baseline -0.003 -11"><span class='ocrx_word' id='word_1_44' title='bbox 134 721 207 769; x_wconf 87' lang='lat'>361</span> <span class='ocrx_word' id='word_1_45' title='bbox 241 732 343 758; x_wconf 85' lang='lat' dir='ltr'>nexo</span> <span class='ocrx_word' id='word_1_46' title='bbox 367 719 454 757; x_wconf 85' lang='lat' dir='ltr'>Cus.</span> <span class='ocrx_word' id='word_1_47' title='bbox 474 723 508 756; x_wconf 81' lang='lat' dir='ltr'>el</span> <span class='ocrx_word' id='word_1_48' title='bbox 529 719 703 756; x_wconf 81' lang='lat' dir='ltr'>Vossz&#39;am&#39;</span> <span class='ocrx_word' id='word_1_49' title='bbox 717 731 798 755; x_wconf 82' lang='lat' dir='ltr'>cum</span> <span class='ocrx_word' id='word_1_50' title='bbox 818 731 837 755; x_wconf 89' lang='lat'><strong><em>0</em></strong></span> <span class='ocrx_word' id='word_1_51' title='bbox 857 718 950 755; x_wconf 78' lang='lat' dir='ltr'>nixo</span> <span class='ocrx_word' id='word_1_52' title='bbox 970 717 1071 756; x_wconf 84' lang='lat' dir='ltr'>Scal.</span> <span class='ocrx_word' id='word_1_53' title='bbox 1093 717 1194 756; x_wconf 79' lang='lat' dir='ltr'>flexo</span> <span class='ocrx_word' id='word_1_54' title='bbox 1214 718 1266 755; x_wconf 85' lang='lat' dir='ltr'>ed.</span> <span class='ocrx_word' id='word_1_55' title='bbox 1282 717 1392 754; x_wconf 81' lang='lat' dir='ltr'>Rom.</span> <span class='ocrx_word' id='word_1_56' title='bbox 1412 727 1526 765; x_wconf 84' lang='lat'>1510.</span> 
     </span>
     <span class='ocr_line' id='line_1_10' title="bbox 135 782 1527 835; baseline -0.003 -12"><span class='ocrx_word' id='word_1_57' title='bbox 135 788 211 835; x_wconf 80' lang='lat'>363</span> <span class='ocrx_word' id='word_1_58' title='bbox 226 785 392 835; x_wconf 90' lang='lat' dir='ltr'>primum</span> <span class='ocrx_word' id='word_1_59' title='bbox 408 785 428 822; x_wconf 79' lang='lat' dir='ltr'><em>b</em></span> <span class='ocrx_word' id='word_1_60' title='bbox 441 797 460 821; x_wconf 94' lang='lat'><strong><em>0</em></strong></span> <span class='ocrx_word' id='word_1_61' title='bbox 480 784 557 822; x_wconf 89' lang='lat' dir='ltr'>alto</span> <span class='ocrx_word' id='word_1_62' title='bbox 570 785 705 821; x_wconf 70' lang='lat' dir='ltr'>codices</span> <span class='ocrx_word' id='word_1_63' title='bbox 746 796 832 821; x_wconf 80' lang='lat' dir='ltr'>num</span> <span class='ocrx_word' id='word_1_64' title='bbox 854 783 954 821; x_wconf 86' lang='lat' dir='ltr'>alte?</span> <span class='ocrx_word' id='word_1_65' title='bbox 996 785 1072 831; x_wconf 84' lang='lat'>364</span> <span class='ocrx_word' id='word_1_66' title='bbox 1091 782 1338 832; x_wconf 82' lang='lat' dir='ltr'>Quadriiugis</span> <span class='ocrx_word' id='word_1_67' title='bbox 1350 784 1527 832; x_wconf 72' lang='lat' dir='ltr'><em>plerique.</em></span> 
     </span>
     <span class='ocr_line' id='line_1_11' title="bbox 189 849 1528 900; baseline -0.004 -11"><span class='ocrx_word' id='word_1_68' title='bbox 189 850 546 900; x_wconf 83' lang='lat' dir='ltr'>Optime‘Scaliger</span> <span class='ocrx_word' id='word_1_69' title='bbox 575 850 670 887; x_wconf 76' lang='lat' dir='ltr'>nixo</span> <span class='ocrx_word' id='word_1_70' title='bbox 705 849 833 894; x_wconf 84' lang='lat' dir='ltr'>edidit,</span> <span class='ocrx_word' id='word_1_71' title='bbox 867 849 989 887; x_wconf 88' lang='lat' dir='ltr'>citans</span> <span class='ocrx_word' id='word_1_72' title='bbox 1023 849 1130 886; x_wconf 87' lang='lat' dir='ltr'>Arat.</span> <span class='ocrx_word' id='word_1_73' title='bbox 1167 850 1240 885; x_wconf 90' lang='lat'>166</span> <span class='ocrx_word' id='word_1_74' title='bbox 1274 850 1351 895; x_wconf 81' lang='grc' dir='ltr'>Πὰρ</span> <span class='ocrx_word' id='word_1_75' title='bbox 1384 850 1467 885; x_wconf 79' lang='grc' dir='ltr'>ποσὶ</span> <span class='ocrx_word' id='word_1_76' title='bbox 1499 849 1528 884; x_wconf 80' lang='grc' dir='ltr'>δ’</span> 
     </span>
     <span class='ocr_line' id='line_1_12' title="bbox 133 913 1529 964; baseline -0.001 -12"><span class='ocrx_word' id='word_1_77' title='bbox 133 917 297 964; x_wconf 83' lang='grc' dir='ltr'>Ἡνιόχου</span> <span class='ocrx_word' id='word_1_78' title='bbox 316 917 435 963; x_wconf 83' lang='grc' dir='ltr'>κεραὸν</span> <span class='ocrx_word' id='word_1_79' title='bbox 451 918 626 960; x_wconf 79' lang='grc' dir='ltr'>πεπτηότιι</span> <span class='ocrx_word' id='word_1_80' title='bbox 644 918 774 962; x_wconf 84' lang='grc' dir='ltr'>Ταῦρον</span> <span class='ocrx_word' id='word_1_81' title='bbox 794 915 986 952; x_wconf 75' lang='grc' dir='ltr'>Μαίεσθαιῑ</span> <span class='ocrx_word' id='word_1_82' title='bbox 1018 926 1133 964; x_wconf 78' lang='lat' dir='ltr'>quem</span> <span class='ocrx_word' id='word_1_83' title='bbox 1154 913 1284 951; x_wconf 83' lang='lat' dir='ltr'>locum</span> <span class='ocrx_word' id='word_1_84' title='bbox 1314 913 1529 951; x_wconf 77' lang='lat' dir='ltr'>Scholiasta</span> 
     </span>
     <span class='ocr_line' id='line_1_13' title="bbox 134 979 1529 1031; baseline -0.004 -12"><span class='ocrx_word' id='word_1_85' title='bbox 134 982 188 1019; x_wconf 81' lang='lat' dir='ltr'>Sic</span> <span class='ocrx_word' id='word_1_86' title='bbox 208 980 374 1031; x_wconf 76' lang='lat' dir='ltr'>explicat</span> <span class='ocrx_word' id='word_1_87' title='bbox 398 993 435 1030; x_wconf 88' lang='lat' dir='ltr'>p.</span> <span class='ocrx_word' id='word_1_88' title='bbox 458 982 506 1017; x_wconf 88' lang='lat'>66</span> <span class='ocrx_word' id='word_1_89' title='bbox 529 979 694 1018; x_wconf 80' lang='lat' dir='ltr'>Bekker.</span> <span class='ocrx_word' id='word_1_90' title='bbox 715 983 886 1025; x_wconf 83' lang='grc' dir='ltr'>πεπτηότα</span> <span class='ocrx_word' id='word_1_91' title='bbox 915 981 969 1015; x_wconf 85' lang='grc' dir='ltr'>διὰ</span> <span class='ocrx_word' id='word_1_92' title='bbox 995 982 1033 1015; x_wconf 87' lang='grc' dir='ltr'>τὸ</span> <span class='ocrx_word' id='word_1_93' title='bbox 1056 982 1155 1015; x_wconf 87' lang='grc' dir='ltr'>ποιὸν</span> <span class='ocrx_word' id='word_1_94' title='bbox 1181 981 1389 1025; x_wconf 85' lang='grc' dir='ltr'>κατάστημα,</span> <span class='ocrx_word' id='word_1_95' title='bbox 1411 981 1529 1026; x_wconf 86' lang='grc' dir='ltr'>ὥσπερ</span> 
     </span>
     <span class='ocr_line' id='line_1_14' title="bbox 133 1044 1529 1096; baseline -0.001 -14"><span class='ocrx_word' id='word_1_96' title='bbox 133 1050 200 1096; x_wconf 74' lang='grc' dir='ltr'>γὰρ</span> <span class='ocrx_word' id='word_1_97' title='bbox 228 1047 410 1084; x_wconf 83' lang='grc' dir='ltr'>ὀκλάσας</span> <span class='ocrx_word' id='word_1_98' title='bbox 447 1047 552 1084; x_wconf 81' lang='grc' dir='ltr'>ἐστίν.</span> <span class='ocrx_word' id='word_1_99' title='bbox 625 1044 700 1082; x_wconf 87' lang='lat' dir='ltr'>Sed</span> <span class='ocrx_word' id='word_1_100' title='bbox 733 1057 768 1082; x_wconf 88' lang='lat' dir='ltr'>u.</span> <span class='ocrx_word' id='word_1_101' title='bbox 804 1046 880 1093; x_wconf 84' lang='lat'>366</span> <span class='ocrx_word' id='word_1_102' title='bbox 913 1044 1055 1082; x_wconf 84' lang='lat' dir='ltr'>haereo</span> <span class='ocrx_word' id='word_1_103' title='bbox 1087 1045 1126 1081; x_wconf 90' lang='lat' dir='ltr'>in</span> <span class='ocrx_word' id='word_1_104' title='bbox 1160 1044 1375 1082; x_wconf 83' lang='lat' dir='ltr'>coniunctis</span> <span class='ocrx_word' id='word_1_105' title='bbox 1402 1046 1529 1093; x_wconf 77' lang='lat' dir='ltr'>primo</span> 
     </span>
     <span class='ocr_line' id='line_1_15' title="bbox 133 1109 1529 1156; baseline -0.003 -6"><span class='ocrx_word' id='word_1_106' title='bbox 133 1125 251 1150; x_wconf 86' lang='lat' dir='ltr'>curru</span> <span class='ocrx_word' id='word_1_107' title='bbox 279 1113 364 1150; x_wconf 82' lang='lat' dir='ltr'><em>allo.</em></span> <span class='ocrx_word' id='word_1_108' title='bbox 420 1111 558 1148; x_wconf 83' lang='lat' dir='ltr'>Fuitne</span> <span class='ocrx_word' id='word_1_109' title='bbox 583 1111 665 1156; x_wconf 75' lang='lat' dir='ltr'>alte,</span> <span class='ocrx_word' id='word_1_110' title='bbox 693 1110 742 1148; x_wconf 91' lang='lat' dir='ltr'>ad</span> <span class='ocrx_word' id='word_1_111' title='bbox 771 1112 980 1147; x_wconf 64' lang='lat' dir='ltr'>uolitantem</span> <span class='ocrx_word' id='word_1_112' title='bbox 1010 1109 1282 1148; x_wconf 86' lang='lat' dir='ltr'>referendum?</span> <span class='ocrx_word' id='word_1_113' title='bbox 1312 1121 1404 1146; x_wconf 87' lang='lat' dir='ltr'>nam</span> <span class='ocrx_word' id='word_1_114' title='bbox 1434 1117 1529 1147; x_wconf 85' lang='lat' dir='ltr'>teste</span> 
     </span>
     <span class='ocr_line' id='line_1_16' title="bbox 137 1176 1530 1224; baseline -0.003 -8"><span class='ocrx_word' id='word_1_115' title='bbox 137 1177 352 1216; x_wconf 85' lang='lat' dir='ltr'>Scholiasta</span> <span class='ocrx_word' id='word_1_116' title='bbox 381 1177 613 1214; x_wconf 87' lang='lat' dir='ltr'>Arateorum</span> <span class='ocrx_word' id='word_1_117' title='bbox 643 1176 865 1214; x_wconf 84' lang='lat' dir='ltr'>Germanici</span> <span class='ocrx_word' id='word_1_118' title='bbox 888 1177 1040 1224; x_wconf 74' lang='lat' dir='ltr'>primus</span> <span class='ocrx_word' id='word_1_119' title='bbox 1071 1188 1224 1211; x_wconf 82' lang='lat' dir='ltr'>currum</span> <span class='ocrx_word' id='word_1_120' title='bbox 1252 1176 1346 1211; x_wconf 75' lang='lat' dir='ltr'>inter</span> <span class='ocrx_word' id='word_1_121' title='bbox 1370 1176 1530 1212; x_wconf 74' lang='lat' dir='ltr'>homines</span> 
     </span>
     <span class='ocr_line' id='line_1_17' title="bbox 133 1241 1530 1292; baseline -0.002 -12"><span class='ocrx_word' id='word_1_122' title='bbox 133 1244 256 1281; x_wconf 80' lang='lat' dir='ltr'>docuit</span> <span class='ocrx_word' id='word_1_123' title='bbox 284 1243 385 1292; x_wconf 79' lang='lat' dir='ltr'><em>equis</em></span> <span class='ocrx_word' id='word_1_124' title='bbox 406 1243 502 1280; x_wconf 79' lang='lat' dir='ltr'><em>albis</em></span> <span class='ocrx_word' id='word_1_125' title='bbox 533 1243 685 1291; x_wconf 81' lang='lat' dir='ltr'>iungere</span> <span class='ocrx_word' id='word_1_126' title='bbox 709 1247 744 1279; x_wconf 81' lang='lat' dir='ltr'>et</span> <span class='ocrx_word' id='word_1_127' title='bbox 765 1242 854 1279; x_wconf 69' lang='lat' dir='ltr'><em>solis</em></span> <span class='ocrx_word' id='word_1_128' title='bbox 882 1242 1089 1290; x_wconf 67' lang='lat' dir='ltr'>quadrigae</span> <span class='ocrx_word' id='word_1_129' title='bbox 1118 1241 1273 1278; x_wconf 80' lang='lat' dir='ltr'>similem</span> <span class='ocrx_word' id='word_1_130' title='bbox 1289 1241 1425 1291; x_wconf 79' lang='lat' dir='ltr'>facere</span> <span class='ocrx_word' id='word_1_131' title='bbox 1444 1242 1530 1289; x_wconf 77' lang='lat' dir='ltr'>pri-</span> 
     </span>
     <span class='ocr_line' id='line_1_18' title="bbox 134 1305 1530 1358; baseline -0.003 -12"><span class='ocrx_word' id='word_1_132' title='bbox 134 1321 301 1358; x_wconf 83' lang='lat' dir='ltr'>mumque</span> <span class='ocrx_word' id='word_1_133' title='bbox 324 1307 590 1345; x_wconf 77' lang='lat' dir='ltr'>Panathenaea</span> <span class='ocrx_word' id='word_1_134' title='bbox 621 1308 847 1344; x_wconf 75' lang='lat' dir='ltr'>constituisse</span> <span class='ocrx_word' id='word_1_135' title='bbox 867 1336 875 1344; x_wconf 87' lang='lat'><strong>.</strong></span> <span class='ocrx_word' id='word_1_136' title='bbox 897 1336 904 1343; x_wconf 97' lang='lat'>.</span> <span class='ocrx_word' id='word_1_137' title='bbox 927 1336 934 1344; x_wconf 91' lang='lat'><strong>.</strong></span> <span class='ocrx_word' id='word_1_138' title='bbox 955 1308 1103 1343; x_wconf 71' lang='lat' dir='ltr'>dicitur.</span> <span class='ocrx_word' id='word_1_139' title='bbox 1176 1305 1291 1344; x_wconf 85' lang='lat' dir='ltr'>Certe</span> <span class='ocrx_word' id='word_1_140' title='bbox 1320 1307 1530 1342; x_wconf 72' lang='lat' dir='ltr'>uolitantem</span> 
     </span>
     <span class='ocr_line' id='line_1_19' title="bbox 135 1371 1529 1422; baseline -0.004 -11"><span class='ocrx_word' id='word_1_141' title='bbox 135 1375 206 1412; x_wconf 84' lang='lat' dir='ltr'><em>alle</em></span> <span class='ocrx_word' id='word_1_142' title='bbox 232 1373 440 1412; x_wconf 88' lang='lat' dir='ltr'>commode</span> <span class='ocrx_word' id='word_1_143' title='bbox 460 1373 507 1410; x_wconf 87' lang='lat' dir='ltr'>de</span> <span class='ocrx_word' id='word_1_144' title='bbox 527 1385 574 1410; x_wconf 90' lang='lat' dir='ltr'>eo</span> <span class='ocrx_word' id='word_1_145' title='bbox 595 1373 718 1422; x_wconf 89' lang='lat' dir='ltr'>potuit</span> <span class='ocrx_word' id='word_1_146' title='bbox 739 1372 812 1410; x_wconf 89' lang='lat' dir='ltr'>dici</span> <span class='ocrx_word' id='word_1_147' title='bbox 833 1372 898 1422; x_wconf 89' lang='lat' dir='ltr'>qui</span> <span class='ocrx_word' id='word_1_148' title='bbox 917 1374 1070 1420; x_wconf 79' lang='lat' dir='ltr'>primus</span> <span class='ocrx_word' id='word_1_149' title='bbox 1096 1371 1254 1409; x_wconf 76' lang='lat' dir='ltr'>Athenis</span> <span class='ocrx_word' id='word_1_150' title='bbox 1273 1378 1447 1420; x_wconf 75' lang='lat' dir='ltr'>pompam</span> <span class='ocrx_word' id='word_1_151' title='bbox 1474 1372 1529 1406; x_wconf 77' lang='lat' dir='ltr'>in-</span> 
     </span>
     <span class='ocr_line' id='line_1_20' title="bbox 135 1436 1530 1489; baseline -0.003 -12"><span class='ocrx_word' id='word_1_152' title='bbox 135 1440 257 1486; x_wconf 76' lang='lat' dir='ltr'><em>duxit,</em></span> <span class='ocrx_word' id='word_1_153' title='bbox 275 1451 372 1489; x_wconf 87' lang='lat' dir='ltr'>quae</span> <span class='ocrx_word' id='word_1_154' title='bbox 391 1439 510 1476; x_wconf 85' lang='lat' dir='ltr'>uerba</span> <span class='ocrx_word' id='word_1_155' title='bbox 530 1446 618 1476; x_wconf 87' lang='lat' dir='ltr'>sunt</span> <span class='ocrx_word' id='word_1_156' title='bbox 638 1438 793 1475; x_wconf 86' lang='lat' dir='ltr'>alterius</span> <span class='ocrx_word' id='word_1_157' title='bbox 815 1437 1048 1476; x_wconf 85' lang='lat' dir='ltr'>Scholiastae</span> <span class='ocrx_word' id='word_1_158' title='bbox 1065 1436 1285 1474; x_wconf 81' lang='lat' dir='ltr'>Germanici</span> <span class='ocrx_word' id='word_1_159' title='bbox 1299 1436 1530 1474; x_wconf 88' lang='lat' dir='ltr'>Arateorum</span> 
     </span>
     <span class='ocr_line' id='line_1_21' title="bbox 138 1503 503 1558; baseline -0.003 -15"><span class='ocrx_word' id='word_1_160' title='bbox 138 1503 191 1558; x_wconf 90' lang='lat' dir='ltr'>(p.</span> <span class='ocrx_word' id='word_1_161' title='bbox 216 1517 289 1554; x_wconf 82' lang='lat'>133</span> <span class='ocrx_word' id='word_1_162' title='bbox 314 1503 503 1555; x_wconf 76' lang='lat' dir='ltr'>Breysig)‚</span> 
     </span>
     <span class='ocr_line' id='line_1_22' title="bbox 191 1570 320 1617; baseline -0.008 -10"><span class='ocrx_word' id='word_1_163' title='bbox 191 1570 222 1607; x_wconf 92' lang='grc' dir='ltr'>Ι.</span> <span class='ocrx_word' id='word_1_164' title='bbox 245 1582 320 1617; x_wconf 89' lang='lat'>412</span> 
     </span>
     <span class='ocr_line' id='line_1_23' title="bbox 874 1633 1261 1682; baseline 0 -12"><span class='ocrx_word' id='word_1_165' title='bbox 874 1640 957 1671; x_wconf 89' lang='lat' dir='ltr'>tum</span> <span class='ocrx_word' id='word_1_166' title='bbox 985 1633 1124 1671; x_wconf 90' lang='lat' dir='ltr'>nobilis</span> <span class='ocrx_word' id='word_1_167' title='bbox 1153 1633 1261 1682; x_wconf 80' lang='lat' dir='ltr'>Argo</span> 
     </span>
     <span class='ocr_line' id='line_1_24' title="bbox 299 1699 1343 1748; baseline -0.003 -10"><span class='ocrx_word' id='word_1_168' title='bbox 299 1701 347 1738; x_wconf 93' lang='lat' dir='ltr'>In</span> <span class='ocrx_word' id='word_1_169' title='bbox 375 1700 522 1738; x_wconf 82' lang='lat' dir='ltr'>caelum</span> <span class='ocrx_word' id='word_1_170' title='bbox 552 1699 741 1738; x_wconf 88' lang='lat' dir='ltr'>subducta</span> <span class='ocrx_word' id='word_1_171' title='bbox 769 1700 865 1736; x_wconf 89' lang='lat' dir='ltr'>mari</span> <span class='ocrx_word' id='word_1_172' title='bbox 894 1699 999 1748; x_wconf 87' lang='lat' dir='ltr'>quod</span> <span class='ocrx_word' id='word_1_173' title='bbox 1028 1699 1150 1748; x_wconf 89' lang='lat' dir='ltr'>prima</span> <span class='ocrx_word' id='word_1_174' title='bbox 1179 1699 1343 1736; x_wconf 84' lang='lat' dir='ltr'>cucurrit</span> 
     </span>
     <span class='ocr_line' id='line_1_25' title="bbox 299 1763 1373 1814; baseline -0.003 -11"><span class='ocrx_word' id='word_1_175' title='bbox 299 1766 512 1803; x_wconf 88' lang='lat' dir='ltr'>Emeritum</span> <span class='ocrx_word' id='word_1_176' title='bbox 541 1765 691 1814; x_wconf 86' lang='lat' dir='ltr'>magnis</span> <span class='ocrx_word' id='word_1_177' title='bbox 720 1765 909 1802; x_wconf 89' lang='lat' dir='ltr'>mundum</span> <span class='ocrx_word' id='word_1_178' title='bbox 938 1771 1040 1801; x_wconf 87' lang='lat' dir='ltr'>tenet</span> <span class='ocrx_word' id='word_1_179' title='bbox 1069 1771 1156 1802; x_wconf 87' lang='lat' dir='ltr'>acta</span> <span class='ocrx_word' id='word_1_180' title='bbox 1184 1763 1373 1813; x_wconf 84' lang='lat' dir='ltr'>procellis.</span> 
     </span>
     <span class='ocr_line' id='line_1_26' title="bbox 195 1828 1525 1881; baseline -0.003 -12"><span class='ocrx_word' id='word_1_181' title='bbox 195 1831 378 1881; x_wconf 88' lang='lat' dir='ltr'>Suspicor</span> <span class='ocrx_word' id='word_1_182' title='bbox 395 1843 466 1881; x_wconf 92' lang='lat' dir='ltr'>pro</span> <span class='ocrx_word' id='word_1_183' title='bbox 486 1835 569 1868; x_wconf 85' lang='lat' dir='ltr'><em>acla</em></span> <span class='ocrx_word' id='word_1_184' title='bbox 590 1830 836 1869; x_wconf 87' lang='lat' dir='ltr'>scribendum</span> <span class='ocrx_word' id='word_1_185' title='bbox 862 1842 945 1867; x_wconf 84' lang='lat' dir='ltr'>esse</span> <span class='ocrx_word' id='word_1_186' title='bbox 968 1834 1055 1878; x_wconf 75' lang='lat' dir='ltr'>apta</span> <span class='ocrx_word' id='word_1_187' title='bbox 1077 1828 1112 1866; x_wconf 95' lang='grc'>11.</span> <span class='ocrx_word' id='word_1_188' title='bbox 1130 1842 1161 1866; x_wconf 84' lang='lat' dir='ltr'>e.</span> <span class='ocrx_word' id='word_1_189' title='bbox 1183 1829 1346 1878; x_wconf 83' lang='lat' dir='ltr'>adepta:</span> <span class='ocrx_word' id='word_1_190' title='bbox 1377 1829 1431 1866; x_wconf 89' lang='lat' dir='ltr'>sic</span> <span class='ocrx_word' id='word_1_191' title='bbox 1454 1831 1525 1866; x_wconf 88' lang='lat'>821</span> 
     </span>
     <span class='ocr_line' id='line_1_27' title="bbox 139 1894 1532 1947; baseline -0.004 -11"><span class='ocrx_word' id='word_1_192' title='bbox 139 1898 236 1936; x_wconf 83' lang='lat' dir='ltr'><em>Acta</em></span> <span class='ocrx_word' id='word_1_193' title='bbox 255 1899 428 1935; x_wconf 77' lang='lat' dir='ltr'>alimenta</span> <span class='ocrx_word' id='word_1_194' title='bbox 447 1909 519 1947; x_wconf 93' lang='lat' dir='ltr'>pro</span> <span class='ocrx_word' id='word_1_195' title='bbox 538 1897 641 1946; x_wconf 78' lang='lat' dir='ltr'>Apta</span> <span class='ocrx_word' id='word_1_196' title='bbox 661 1904 718 1934; x_wconf 88' lang='lat' dir='ltr'>est</span> <span class='ocrx_word' id='word_1_197' title='bbox 738 1897 777 1933; x_wconf 88' lang='lat' dir='ltr'>in</span> <span class='ocrx_word' id='word_1_198' title='bbox 798 1895 1082 1941; x_wconf 83' lang='lat' dir='ltr'>Gemblacensi‚</span> <span class='ocrx_word' id='word_1_199' title='bbox 1099 1907 1131 1931; x_wconf 86' lang='lat' dir='ltr'>v.</span> <span class='ocrx_word' id='word_1_200' title='bbox 1153 1897 1229 1941; x_wconf 84' lang='lat'>448</span> <span class='ocrx_word' id='word_1_201' title='bbox 1246 1894 1430 1932; x_wconf 67' lang='lat' dir='ltr'>Alalerz&#39;es</span> <span class='ocrx_word' id='word_1_202' title='bbox 1449 1899 1532 1932; x_wconf 86' lang='lat' dir='ltr'><em>acla</em></span> 
     </span>
     <span class='ocr_line' id='line_1_28' title="bbox 137 1963 388 2002; baseline -0.008 0"><span class='ocrx_word' id='word_1_203' title='bbox 137 1964 177 2002; x_wconf 92' lang='lat' dir='ltr'>in</span> <span class='ocrx_word' id='word_1_204' title='bbox 197 1963 388 2002; x_wconf 86' lang='lat' dir='ltr'>omnibus.</span> 
     </span>
     <span class='ocr_line' id='line_1_29' title="bbox 193 2025 893 2076; baseline -0.006 -9"><span class='ocrx_word' id='word_1_205' title='bbox 193 2028 224 2067; x_wconf 93' lang='grc' dir='ltr'>Ι.</span> <span class='ocrx_word' id='word_1_206' title='bbox 248 2041 433 2076; x_wconf 88' lang='lat'><strong>424—429</strong></span> <span class='ocrx_word' id='word_1_207' title='bbox 455 2028 509 2066; x_wconf 85' lang='lat' dir='ltr'>sic</span> <span class='ocrx_word' id='word_1_208' title='bbox 529 2034 659 2065; x_wconf 85' lang='lat' dir='ltr'>extant</span> <span class='ocrx_word' id='word_1_209' title='bbox 680 2027 718 2063; x_wconf 91' lang='lat' dir='ltr'>in</span> <span class='ocrx_word' id='word_1_210' title='bbox 739 2025 893 2065; x_wconf 86' lang='lat' dir='ltr'>Gembl.</span> 
     </span>
     <span class='ocr_line' id='line_1_30' title="bbox 790 2097 1234 2140; baseline -0.002 -11"><span class='ocrx_word' id='word_1_211' title='bbox 790 2104 880 2129; x_wconf 93' lang='lat' dir='ltr'>cum</span> <span class='ocrx_word' id='word_1_212' title='bbox 910 2103 1063 2140; x_wconf 85' lang='lat' dir='ltr'>surgere</span> <span class='ocrx_word' id='word_1_213' title='bbox 1093 2097 1234 2128; x_wconf 86' lang='lat' dir='ltr'>terram</span> 
     </span>
     <span class='ocr_line' id='line_1_31' title="bbox 195 2156 1268 2208; baseline -0.004 -12"><span class='ocrx_word' id='word_1_214' title='bbox 195 2170 273 2208; x_wconf 87' lang='lat'>425</span> <span class='ocrx_word' id='word_1_215' title='bbox 305 2158 487 2196; x_wconf 86' lang='lat' dir='ltr'>Cerneret</span> <span class='ocrx_word' id='word_1_216' title='bbox 515 2165 552 2196; x_wconf 88' lang='lat' dir='ltr'>et</span> <span class='ocrx_word' id='word_1_217' title='bbox 579 2158 677 2196; x_wconf 88' lang='lat' dir='ltr'>uerti</span> <span class='ocrx_word' id='word_1_218' title='bbox 706 2166 881 2195; x_wconf 85' lang='lat' dir='ltr'>naturam</span> <span class='ocrx_word' id='word_1_219' title='bbox 911 2156 1080 2195; x_wconf 85' lang='lat' dir='ltr'>crederet</span> <span class='ocrx_word' id='word_1_220' title='bbox 1109 2168 1268 2195; x_wconf 85' lang='lat' dir='ltr'>omnem</span> 
     </span>
     <span class='ocr_line' id='line_1_32' title="bbox 304 2223 1346 2274; baseline -0.002 -14"><span class='ocrx_word' id='word_1_221' title='bbox 304 2223 506 2262; x_wconf 87' lang='lat' dir='ltr'>Montibus</span> <span class='ocrx_word' id='word_1_222' title='bbox 534 2231 648 2274; x_wconf 86' lang='lat' dir='ltr'>atque</span> <span class='ocrx_word' id='word_1_223' title='bbox 677 2224 759 2261; x_wconf 87' lang='lat' dir='ltr'>aliis</span> <span class='ocrx_word' id='word_1_224' title='bbox 788 2230 968 2272; x_wconf 83' lang='lat' dir='ltr'>aggestos</span> <span class='ocrx_word' id='word_1_225' title='bbox 997 2235 1166 2260; x_wconf 83' lang='lat' dir='ltr'>crescere</span> <span class='ocrx_word' id='word_1_226' title='bbox 1196 2228 1346 2259; x_wconf 83' lang='lat' dir='ltr'>montes</span> 
     </span>
     <span class='ocr_line' id='line_1_33' title="bbox 301 2287 1159 2337; baseline -0.002 -10"><span class='ocrx_word' id='word_1_227' title='bbox 301 2289 352 2327; x_wconf 85' lang='lat' dir='ltr'>Et</span> <span class='ocrx_word' id='word_1_228' title='bbox 380 2296 460 2327; x_wconf 89' lang='lat' dir='ltr'>tam</span> <span class='ocrx_word' id='word_1_229' title='bbox 489 2289 637 2327; x_wconf 87' lang='lat' dir='ltr'>uicinos</span> <span class='ocrx_word' id='word_1_230' title='bbox 666 2288 849 2337; x_wconf 85' lang='lat' dir='ltr'>fugientia</span> <span class='ocrx_word' id='word_1_231' title='bbox 878 2287 1014 2337; x_wconf 87' lang='lat' dir='ltr'>sydera</span> <span class='ocrx_word' id='word_1_232' title='bbox 1043 2288 1159 2325; x_wconf 86' lang='lat' dir='ltr'>colles</span> 
     </span>
     <span class='ocr_line' id='line_1_34' title="bbox 302 2355 1237 2404; baseline -0.002 -12"><span class='ocrx_word' id='word_1_233' title='bbox 302 2356 423 2392; x_wconf 87' lang='lat' dir='ltr'>Arma</span> <span class='ocrx_word' id='word_1_234' title='bbox 451 2355 702 2404; x_wconf 85' lang='lat' dir='ltr'>importantes</span> <span class='ocrx_word' id='word_1_235' title='bbox 731 2360 768 2391; x_wconf 88' lang='lat' dir='ltr'>et</span> <span class='ocrx_word' id='word_1_236' title='bbox 798 2359 908 2402; x_wconf 82' lang='lat' dir='ltr'>rupta</span> <span class='ocrx_word' id='word_1_237' title='bbox 937 2360 1059 2390; x_wconf 88' lang='lat' dir='ltr'>matre</span> <span class='ocrx_word' id='word_1_238' title='bbox 1089 2359 1237 2390; x_wconf 86' lang='lat' dir='ltr'>creatos</span> 
     </span>
     <span class='ocr_line' id='line_1_35' title="bbox 304 2419 1305 2468; baseline -0.003 -10"><span class='ocrx_word' id='word_1_239' title='bbox 304 2420 513 2458; x_wconf 87' lang='lat' dir='ltr'>Discordes</span> <span class='ocrx_word' id='word_1_240' title='bbox 540 2420 648 2458; x_wconf 86' lang='lat' dir='ltr'>uultu</span> <span class='ocrx_word' id='word_1_241' title='bbox 678 2419 943 2468; x_wconf 85' lang='lat' dir='ltr'>permixtaque</span> <span class='ocrx_word' id='word_1_242' title='bbox 973 2431 1136 2467; x_wconf 88' lang='lat' dir='ltr'>corpora</span> <span class='ocrx_word' id='word_1_243' title='bbox 1165 2425 1305 2468; x_wconf 85' lang='lat' dir='ltr'>partus.</span> 
     </span>
     <span class='ocr_line' id='line_1_36' title="bbox 199 2483 1534 2535; baseline -0.002 -12"><span class='ocrx_word' id='word_1_244' title='bbox 199 2488 275 2533; x_wconf 89' lang='lat'>426</span> <span class='ocrx_word' id='word_1_245' title='bbox 305 2486 402 2523; x_wconf 86' lang='lat' dir='ltr'>alios</span> <span class='ocrx_word' id='word_1_246' title='bbox 431 2486 609 2523; x_wconf 82' lang='lat' dir='ltr'>Vossz&#39;am&#39;.</span> <span class='ocrx_word' id='word_1_247' title='bbox 650 2486 751 2535; x_wconf 79' lang='lat' dir='ltr'>fort.</span> <span class='ocrx_word' id='word_1_248' title='bbox 773 2484 856 2521; x_wconf 87' lang='lat' dir='ltr'>altis</span> <span class='ocrx_word' id='word_1_249' title='bbox 895 2483 1069 2533; x_wconf 76' lang='lat' dir='ltr'>Scn.Ag.</span> <span class='ocrx_word' id='word_1_250' title='bbox 1086 2496 1161 2532; x_wconf 83' lang='lat'>335</span> <span class='ocrx_word' id='word_1_251' title='bbox 1180 2483 1250 2520; x_wconf 78' lang='lat' dir='ltr'>Vel</span> <span class='ocrx_word' id='word_1_252' title='bbox 1272 2494 1360 2521; x_wconf 87' lang='lat' dir='ltr'>cum</span> <span class='ocrx_word' id='word_1_253' title='bbox 1381 2488 1534 2520; x_wconf 88' lang='lat' dir='ltr'>montes</span> 
     </span>
     <span class='ocr_line' id='line_1_37' title="bbox 145 2547 1534 2601; baseline -0.002 -14"><span class='ocrx_word' id='word_1_254' title='bbox 145 2552 338 2590; x_wconf 86' lang='lat' dir='ltr'>montibus</span> <span class='ocrx_word' id='word_1_255' title='bbox 358 2551 443 2589; x_wconf 87' lang='lat' dir='ltr'>altis</span> <span class='ocrx_word' id='word_1_256' title='bbox 465 2551 757 2601; x_wconf 85' lang='lat' dir='ltr'>Superimpositi</span> <span class='ocrx_word' id='word_1_257' title='bbox 779 2556 948 2588; x_wconf 86' lang='lat' dir='ltr'>struxere</span> <span class='ocrx_word' id='word_1_258' title='bbox 968 2549 1110 2600; x_wconf 88' lang='lat' dir='ltr'>gradus</span> <span class='ocrx_word' id='word_1_259' title='bbox 1125 2548 1319 2586; x_wconf 89' lang='lat' dir='ltr'>Trucibus</span> <span class='ocrx_word' id='word_1_260' title='bbox 1339 2547 1534 2586; x_wconf 86' lang='lat' dir='ltr'>monstris.</span> 
     </span>
    </p>
   </div>
  </div>
 </body>
</html>
