1786 2878
784 163 850 193 HJ
1429 168 1444 195 1
1457 164 1506 209 15

112 279 305 318 uocabulo
335 279 496 317 dicimus
531 278 648 328 Angli
679 278 820 328 ‘strip’
872 279 948 317 Sed
980 291 1069 317 uere
1101 279 1173 317 hoc
1210 279 1391 318 traditum
1423 293 1507 318 esse

114 345 267 383 Gembl.
298 345 475 390 ostendit,
504 344 569 381 ubi
594 350 775 393 properat
809 353 960 395 campus
997 346 1232 394 destringere,
1272 345 1412 383 deinde
1451 347 1508 383 de-

111 413 307 459 stringunt
336 410 521 448 membra:
563 422 655 447 nam
689 410 718 447 si
752 410 859 448 daret
889 416 1104 460 properant,
1140 411 1228 449 dein
1267 418 1417 460 campus
1438 440 1446 447 .
1470 441 1476 448 .
1501 440 1508 447 .

111 477 310 525 deslrzbzgz'l
341 475 463 527 (quod
502 475 621 513 edidit
658 476 854 527 Iacobus),
890 477 1014 525 magis
1052 477 1091 514 in
1130 477 1410 514 dubitationem
1444 489 1507 515 res

113 541 269 587 ueniret,
310 553 399 579 cum
438 552 593 578 uersum
635 540 797 578 alterum
834 542 1085 592 interpolator
1131 542 1320 591 potuisset
1360 542 1508 580 inferre.

113 605 228 644 Nunc
249 613 356 656 grata
375 606 543 656 quadam
567 605 819 645 alternatione
840 619 1001 657 campus
1019 608 1222 657 destringit
1235 620 1418 655 cererem,
1439 608 1511 645 uiri

112 673 287 709 membra
300 684 309 718 ;
339 671 414 710 hoc
434 672 651 721 quaesitum
671 679 708 709 et
729 685 777 709 ex
798 685 906 710 more
929 672 1096 710 Manilii.

166 751 202 775 u.
225 740 297 786 631
333 739 506 775 z'aclalum
536 737 641 786 quod
672 737 816 775 habent
847 738 1011 785 codices,
1042 739 1239 789 eleganter
1269 739 1436 777 lacobus
1471 739 1510 774 in

112 804 244 840 tacitas
273 807 348 840 tum
376 802 606 840 emendauit.
665 802 741 840 Sed
767 803 974 853 simplicius
998 811 1076 841 erat
1097 806 1271 841 z'czclalum
1306 805 1344 841 in
1372 806 1511 840 iactatu

112 869 308 917 refingere,
331 868 438 918 quod
465 880 513 905 ex
540 867 728 906 adiectiuo
751 870 932 917 lrepz'dum
955 870 1165 919 penderet:
1195 872 1313 907 maris
1334 872 1509 907 z'aclalum

113 934 219 983 apud
240 934 336 971 Plin.
360 933 412 971 H.
435 933 485 970 N.
508 934 580 970 xiv.
606 936 677 970 118
701 935 876 983 reperies.

173 999 245 1036 III.
267 1001 448 1047 637—641
474 999 527 1036 sic
549 1006 680 1036 extant
700 1000 737 1036 in
759 999 910 1037 Gembl.

277 1065 389 1102 Parte
419 1077 465 1102 ex
496 1065 658 1102 aduersa
689 1066 847 1102 brumae
879 1065 1139 1115 Capricornus
1169 1066 1329 1104 inertem

276 1131 357 1168 Ter
386 1130 565 1173 minimas
595 1130 700 1179 cogit
730 1130 835 1168 luces
863 1138 900 1168 et
929 1131 1101 1168 maxima
1131 1132 1256 1169 noctis

277 1196 477 1245 Tempora
506 1195 760 1245 producitque
791 1196 892 1233 diem
924 1197 1179 1246 tenebrasque
1210 1197 1367 1235 resoluit

169 1263 247 1308 640
277 1261 400 1311 Inque
430 1261 556 1298 uicem
586 1273 688 1298 nunc
719 1261 861 1298 damna
892 1262 981 1310 legit
1011 1274 1113 1299 nunc
1144 1269 1320 1311 tempora
1350 1262 1513 1311 supplex

279 1326 392 1363 Tunc
424 1325 519 1374 fugit
549 1327 674 1363 omnis
703 1338 795 1375 ager
824 1327 994 1364 clausum
1025 1339 1129 1365 mare
1161 1329 1315 1365 condita
1345 1335 1480 1365 castra.

171 1393 246 1439 637
292 1404 339 1429 ex
388 1391 552 1428 aduerso
602 1390 714 1427 Voss?
772 1393 930 1429 brumae
984 1392 1155 1429 I'osse'am'
1222 1395 1401 1430 brumam
1458 1394 1512 1429 bo

99 1458 269 1507 forlasse
307 1456 461 1493 Partem
500 1468 547 1493 ex
588 1455 749 1494 aduerso
790 1458 960 1494 brumae.
1020 1459 1096 1505 638
1139 1458 1210 1496 Per
1255 1458 1428 1495 Vossz'am'
1454 1459 1474 1495 b
1494 1472 1512 1494 0

116 1529 250 1559 noctes
281 1528 316 1559 et
347 1521 516 1558 maxima
547 1521 649 1566 luces
682 1521 770 1559 Cus.
842 1524 920 1568 640
950 1522 1040 1572 legit
1073 1536 1140 1560 om.
1172 1524 1237 1569 bo,
1258 1529 1291 1560 el
1320 1524 1339 1560 b
1371 1524 1512 1572 qm'ai‘m

115 1589 231 1636 spalz'o
257 1588 379 1624 relicto
418 1586 504 1623 facit
527 1587 578 1622 ed.
599 1586 708 1623 Rom.
743 1598 842 1635 1510
872 1600 975 1625 nunc
1001 1588 1089 1625 facit
1113 1589 1270 1638 quidem
1294 1590 1345 1625 cd.
1371 1588 1512 1625 Boniu-

116 1654 253 1690 conlrz'z'
313 1651 439 1701 suplet
488 1651 601 1689 Voss.2
640 1653 789 1702 supplet
839 1651 952 1691 Voss.¹
994 1654 1014 1689 b
1046 1667 1074 1690 ο.
1153 1656 1226 1701 641
1270 1654 1351 1704 figit
1400 1654 1513 1691 Voss?

116 1719 212 1768 riget
241 1718 261 1755 b
280 1731 309 1755 0.

171 1785 244 1832 637
273 1784 423 1820 brumae
443 1783 596 1820 codices
617 1784 850 1832 antiquiores
872 1784 1118 1830 tradiderunt,
1138 1799 1188 1823 ex
1208 1786 1363 1822 aduerso
1383 1785 1514 1823 Voss.2

118 1849 193 1886 His
236 1848 392 1885 retentis
431 1848 552 1885 Parte
594 1849 632 1885 in
670 1848 796 1886 Parte*
830 1850 1002 1899 refingo3
1053 1863 1144 1887 nam
1181 1864 1231 1888 cx
1269 1851 1423 1887 aduerso
1467 1863 1514 1888 ex

119 1916 195 1962 658
230 1914 336 1950 Huic
369 1927 419 1951 ex
457 1914 611 1950 aduerso
649 1915 879 1963 praesidium
919 1915 1045 1954 habet.
1123 1915 1220 1953 Mox
1261 1917 1339 1962 640
1377 1917 1514 1953 damna

117 1981 214 2028 legit,
244 1978 349 2028 quod
378 1985 570 2028 praestant
603 1978 754 2017 Gembl.
786 1980 876 2018 Cus.
912 1980 1016 2030 Lips.
1049 1988 1086 2018 et
1116 1981 1309 2027 Vossiani,
1344 1994 1423 2018 non
1458 1989 1515 2019 cst

118 2044 359 2090 mutandum,
399 2056 557 2094 quoquo
602 2045 719 2082 modo
757 2045 1018 2094 explicaueris‚
1060 2047 1140 2084 siue
1178 2053 1234 2083 est
1274 2048 1516 2095 recognoscit

120 2109 253 2147 ‘takes
282 2116 372 2147 note
397 2107 459 2155 of‚'
485 2112 640 2159 ‘passes
665 2110 703 2147 in
727 2109 887 2157 review,'
914 2111 994 2149 siue
1021 2111 1220 2149 tralatione
1246 2112 1359 2149 ducta
1388 2113 1437 2149 ab
1467 2124 1515 2149 eo

119 2175 184 2225 qui
204 2180 323 2212 tortus
336 2174 436 2212 funis
452 2174 593 2212 sensim
608 2175 805 2224 recolligit,
825 2179 832 2194 ‘
847 2176 1000 2224 gathers
1014 2177 1076 2223 in‚'
1089 2177 1194 2226 prius
1209 2177 1311 2214 enirn
1327 2177 1516 2214 contrahit

119 2240 251 2277 funem
275 2251 367 2277 mox
391 2240 573 2278 aliorsum
594 2240 786 2278 laxaturus
810 2247 847 2278 et
874 2241 1131 2290 explicaturus
1153 2240 1328 2292 (tempora
1348 2244 1515 2292 szfflplel),

120 2305 201 2343 siue
221 2305 387 2354 denique
406 2311 463 2342 est
486 2308 494 2324 ‘
505 2305 659 2355 gathers
679 2304 753 2354 up‚’
770 2312 811 2342 ut
830 2306 955 2355 potius
976 2319 1085 2344 reor:
1116 2314 1270 2356 sumpta
1290 2307 1517 2356 metaphora

121 2371 171 2407 ab
190 2382 238 2408 eo
257 2370 322 2420 qui
338 2382 437 2419 quae
457 2370 637 2408 manibus
657 2370 890 2417 exciderant,
905 2384 1034 2409 rursus
1055 2372 1219 2420 sublegit
1239 2372 1514 2421 recolligitque.

121 2435 258 2484 Itaque
278 2448 357 2473 non
386 2437 438 2473 sic
462 2443 710 2485 opponuntur
737 2437 873 2473 damna
894 2438 990 2486 legis⁷
1012 2443 1172 2486 tempora
1197 2439 1337 2486 supple!
1359 2444 1400 2474 ut
1426 2438 1517 2475 illud

123 2500 172 2537 ad
198 2500 277 2537 Per
306 2502 480 2538 minimas
508 2503 605 2550 cogit
628 2503 720 2538 luces
744 2506 777 2538 el
801 2504 971 2539 maxima
1003 2504 1114 2540 noctis
1146 2503 1335 2551 Tempora,
1359 2502 1432 2540 hoc
1467 2504 1517 2541 ad

119 2566 356 2614 producz'lque
376 2567 466 2603 diem
488 2567 717 2614 lenebrasque
737 2568 889 2604 resolui!
908 2567 1096 2611 referatur,
1120 2568 1187 2605 sed
1210 2567 1360 2616 fingitur
1382 2568 1517 2618 Capri-

802 2645 810 2668 1
837 2645 853 2668 2
