1786 2878
776 136 842 167 Ill
1449 139 1472 179 9
1477 134 1501 178 5

111 250 293 288 inuenire.
351 249 412 288 Sic
445 249 582 300 qfficere
611 249 723 286 oculis
752 250 822 286 erit
853 252 915 286 ‘to
944 247 1119 286 interfere
1149 247 1238 285 with
1267 246 1343 285 free
1378 246 1501 296 sight‚’

113 319 294 365 ‘prevent
322 316 424 354 clear
451 313 598 353 vision.’
657 314 719 352 Sic
749 313 948 352 Lucretius
967 326 999 351 v.
1025 315 1102 350 888
1133 313 1227 350 dixit
1246 314 1392 362 puerili
1416 303 1504 349 aen&

98 382 255 431 florente
282 382 447 418 iuuenlas
470 380 594 431 Officz‘t
621 379 755 418 ‘when
784 378 968 430 boyhood
996 379 1028 419 is
1056 379 1095 416 in
1124 378 1171 416 its
1200 378 1335 428 prime,
1359 377 1500 416 adoles-

110 458 228 484 cence
247 445 460 495 inleaeflres!

162 511 234 548 ΙΙΙ.
258 520 333 559 352

270 576 459 626 Pluraque
487 588 556 626 per
583 575 702 626 partis
731 576 918 625 subrupto
947 581 1121 625 tempore
1150 574 1261 624 signa

272 640 524 687 Quaerentur.

161 705 234 744 III.
257 715 332 755 355

271 770 473 809 Mensibus
502 772 643 821 eruptis
673 771 799 809 donec
830 771 874 809 sit
903 771 1038 809 debilis
1068 782 1201 809 annus.

162 834 338 886 Vtroque
358 837 445 874 loco
466 836 631 874 formam
655 837 693 874 in
713 850 738 874 u
757 849 828 886 pro
848 837 1044 874 usitatiore
1064 836 1239 885 subrepto,
1261 837 1389 885 ereptis
1410 849 1502 874 con-

109 909 252 940 stanter
281 909 435 940 seruant
464 903 637 940 codices:
674 903 721 940 de
750 916 825 953 qua
854 915 894 940 re
923 909 1008 952 post
1039 901 1293 939 Ritschelium
1323 902 1371 939 ad
1392 902 1502 939 Trin.

108 967 323 1018 Prolegom.
341 980 378 1018 p.
392 981 489 1014 xcv„
507 968 652 1018 Opusc.
669 969 704 1006 ii.
720 981 757 1018 p.
776 979 864 1016 544,
883 975 919 1006 et
935 967 1228 1005 Fleckeisenum
1244 966 1346 1005 Nou.
1362 967 1502 1005 Annal.

107 1032 224 1071 Paed.
252 1041 289 1071 et
318 1033 454 1072 Philol.
482 1034 531 1072 lx.
561 1047 597 1084 p.
631 1045 702 1082 251
738 1046 821 1083 sqq.
851 1033 1027 1071 disseruit
1056 1032 1201 1070 Munro
1231 1033 1279 1070 ad
1309 1032 1421 1070 Lucr.
1453 1032 1503 1070 iii.

112 1111 226 1147 1031,
248 1099 383 1137 Catull.
405 1100 519 1137 lxw‘ii.
542 1101 604 1146 84,
626 1100 898 1149 contenditque
919 1111 999 1137 non
1020 1098 1260 1136 Frontonem
1280 1098 1412 1143 modo,
1435 1097 1502 1136 sed

109 1164 276 1202 Senecas
304 1165 419 1202 etiarn
448 1171 485 1204 et
514 1164 732 1203 Martialem
767 1164 974 1215 aliquando
1010 1164 1063 1202 sic
1103 1164 1309 1212 scripsisse.
1385 1162 1502 1201 Locis

107 1229 159 1266 ibi
178 1229 300 1267 citatis
319 1242 441 1267 unum
467 1230 549 1279 ipse
577 1230 691 1276 addo,
713 1230 794 1268 Cic.
814 1242 885 1279 pro
906 1229 1017 1267 Font.
1038 1229 1073 1266 ii.
1096 1241 1117 1278 3
1138 1229 1202 1266 ubi
1229 1228 1502 1279 palimpsestus

108 1293 317 1333 Vaticanus
335 1297 581 1344 szcrrupz'czlur
600 1296 742 1333 habere
763 1296 908 1333 dicitur.

162 1360 233 1399 ΙΙΙ.
258 1371 439 1410 370-377
464 1362 518 1399 sic
537 1368 668 1399 extant
688 1361 727 1398 in
748 1360 901 1399 Gembl.

163 1435 241 1475 370
269 1426 321 1464 At
349 1426 460 1464 simul
489 1439 510 1463 e
539 1426 667 1464 medio
697 1438 882 1476 praeceps
912 1424 1150 1462 descenderit
1179 1425 1272 1463 orbe

268 1491 454 1529 Inferiora
482 1498 616 1541 petens
645 1491 793 1529 deiecto
822 1491 957 1541 sydera
987 1502 1101 1528 cursu

268 1556 319 1594 Et
348 1556 452 1595 dabit
481 1557 520 1593 in
548 1569 715 1606 pronum
744 1556 851 1594 laxas
881 1556 1024 1594 effusus
1054 1555 1226 1593 habenas

269 1621 355 1664 Per,
371 1622 529 1660 totidem
558 1634 710 1659 menses
740 1622 871 1671 iunget
900 1634 979 1659 nox
1009 1634 1086 1658 una
1116 1620 1281 1658 *enebris

268 1687 422 1725 Vertice
450 1687 522 1724 sub
551 1687 644 1725 caeli
672 1699 764 1724 nam
793 1687 965 1737 quisquis
994 1693 1140 1736 spectat
1169 1686 1254 1726 †ab
1277 1686 1384 1724 omni

162 1762 238 1802 375
269 1752 482 1790 Dimidium
511 1755 584 1791 †et
611 1759 694 1790 toto
724 1751 912 1789 mundum
942 1752 1047 1789 uidet
1077 1752 1170 1789 orbe
1200 1751 1355 1789 rotundi

268 1818 363 1855 Pars
391 1818 480 1856 latet
508 1818 662 1856 inferior
690 1830 816 1868 neque
845 1819 948 1855 enim
977 1817 1227 1855 circumuenit
1255 1816 1363 1854 illum

270 1882 393 1921 Recta
421 1883 521 1921 acies
551 1883 753 1933 mediaque
783 1890 894 1920 tenus
923 1882 1166 1932 distinguitur
1195 1882 1295 1920 aluo.

163 1957 237 1997 371
261 1948 407 1986 deiecta
430 1948 518 1986 Cus.
577 1958 652 1997 373
681 1948 847 1986 tenebris
870 1947 958 1986 Cus.
977 1949 1157 1986 tenebras
1186 1947 1367 1985 Vossiam’.
1425 1956 1500 1994 374

107 2013 157 2051 ab
177 2026 248 2052 axe
267 2013 465 2051 Bentlez'us.
514 2023 590 2062 375
607 2022 643 2051 et
665 2013 836 2051 Vossz'ani
854 2013 942 2052 Cas.
959 2026 977 2051 0
1024 2026 1044 2051 e
1060 2014 1079 2051 b
1095 2013 1217 2050 Benll.
1266 2020 1414 2050 tantum
1427 2020 1502 2061 pro

107 2078 296 2116 mundum
321 2078 442 2117 Benll.
500 2076 586 2127 orke
616 2077 701 2130 (sic)
725 2079 745 2116 b
771 2079 863 2117 orbe
892 2085 1006 2128 supra
1035 2080 1168 2116 lineam
1196 2079 1371 2127 scrzplum
1399 2077 1506 2115 habet

111 2143 199 2182 Cus.
227 2144 436 2182 rotundum
475 2143 588 2182 Voss}
619 2143 784 2182 rotundo
817 2144 837 2182 b
861 2157 889 2182 ο.
950 2146 1026 2193 376
1061 2144 1168 2181 illum
1209 2142 1324 2181 Voss.2
1356 2144 1376 2181 b
1401 2156 1420 2180 0
1453 2142 1503 2180 illi

118 2208 231 2247 Voss.¹
255 2209 343 2248 Cas.
365 2209 469 2247 illam
488 2210 538 2247 ed.
559 2209 790 2258 Regz'omonl.
839 2218 912 2258 377
937 2209 1187 2259 destinguitur
1216 2208 1328 2246 Voss?

162 2287 198 2312 u.
232 2284 307 2324 373
341 2275 477 2312 iterum
509 2274 836 2313 Gemblacensem
867 2286 971 2313 error
1003 2275 1152 2320 inuasit,
1187 2275 1293 2313 cuius
1330 2273 1503 2323 plerique

109 2340 298 2378 immunes
327 2347 426 2378 sunt.
483 2339 586 2378 Nam
616 2340 722 2378 nullo
751 2339 870 2377 modo
897 2347 1024 2389 potest
1053 2352 1187 2378 uerum
1211 2352 1294 2377 esse
1317 2339 1471 2375 tenebris
1482 2352 1503 2382 ‚-

109 2411 242 2443 contra
260 2406 422 2442 tenebras
444 2406 594 2455 iungere
614 2418 692 2442 nox
713 2405 846 2443 dicitur
866 2406 905 2441 in
924 2417 1000 2455 qua
1027 2406 1207 2443 tenebrae
1233 2405 1504 2442 continuantur

110 2483 235 2521 neque
263 2471 362 2508 ullus
390 2471 464 2509 luci
493 2471 599 2508 locus
622 2478 689 2509 est.
750 2470 842 2508 Stat.
864 2470 901 2509 S.
922 2471 944 2508 i.
969 2482 1003 2519 5.
1031 2483 1078 2508 10
1098 2469 1218 2519 Iunge
1231 2477 1325 2520 puer
1345 2469 1502 2518 qyalhos,

111 2535 188 2572 h.e.
209 2535 325 2574 alium
345 2544 430 2586 post
450 2535 565 2573 alium
586 2536 728 2585 ingere.
