1786 2878
227 128 279 169 88
649 136 844 168 NOCTE-s*
872 135 944 168 MA
951 137 1088 168 NILJA
1095 137 1198 168 NAE

224 243 360 294 potius,
382 254 459 280 non
488 246 648 287 cureanl,
677 242 730 279 uti
760 241 906 279 Iacobo
935 242 1059 280 uisum
1089 248 1157 287 est,
1182 248 1356 279 natantes
1385 248 1421 279 et
1450 242 1614 280 incertas

223 308 364 347 litteras
390 307 524 356 legerit
544 306 732 344 Falconer
752 306 899 344 Madan
927 307 1035 344 cuius
1054 307 1175 345 oculis
1195 307 1233 343 in
1258 307 1330 344 hac
1354 307 1439 344 crisi
1461 308 1614 356 palaeo-

224 372 407 423 graphica
427 372 590 409 multum
616 372 751 409 tribuo.
808 371 858 409 Et
883 376 1034 409 careant
1058 373 1214 422 quidem
1239 384 1329 409 cum
1351 372 1503 409 Gembl.
1524 372 1614 410 Cus.

226 438 331 488 Lips.
361 437 503 475 habent
530 437 646 474 etiarn
675 437 729 474 bo
758 444 794 474 et
823 437 908 475 cod.
939 437 1155 484 Parisinus;
1196 449 1295 475 unus
1324 435 1453 475 Voss.¹
1481 438 1620 474 cadant

224 504 386 542 sortasse
400 515 448 540 ex
464 501 717 552 praecedente
732 514 853 540 uersu.
898 501 1094 540 Bentleius
1105 507 1271 552 percant,
1288 502 1454 540 Iacobus
1469 503 1616 548 laleanl,

224 581 298 618 ego
313 570 456 606 iaceant
468 567 746 605 diuinauimus:
776 567 843 605 sed
859 568 972 604 latent
989 568 1115 617 potius
1134 580 1232 617 quae
1254 568 1293 604 in
1313 568 1465 616 magnis
1484 568 1616 605 insunt

225 647 366 684 parua3
396 635 541 671 iaceant
563 633 600 670 h.
615 645 647 671 e.
669 633 910 683 negligantur
939 634 1004 670 uix
1033 634 1123 671 satis
1153 633 1432 670 Manilianum:
1462 637 1620 681 pereant

225 712 298 738 nec
314 699 428 749 longe
443 700 550 736 abest
565 710 587 735 a
603 698 780 736 ductibus
795 698 1003 736 litterarum
1023 705 1060 736 et
1081 699 1129 736 ad
1150 699 1377 736 sententiam
1394 698 1615 735 facillimum

226 772 293 803 est.

281 829 352 866 III.
377 839 561 878 292-294
583 829 635 866 sic
655 835 787 866 extant
808 829 847 866 in
867 828 1019 867 Gembl.

1250 894 1303 925 uel
1327 895 1374 925 ori
1399 895 1474 927 endi

390 936 663 988 Occiduusque
692 938 790 975 aries
819 937 983 987 spatium
1014 943 1244 986 tempusque
1272 896 1437 977 caneddi

388 1002 510 1049 Quod
539 1010 641 1041 tenet
670 1003 709 1040 in
738 1009 888 1041 tantum
916 1003 1049 1041 chelae
1079 1015 1313 1053 consurgere
1341 1011 1510 1054 praestat

387 1068 483 1107 Eius
511 1069 551 1106 in
579 1069 800 1118 exemplum
830 1081 870 1107 se
901 1069 1011 1118 signa
1039 1069 1238 1118 sequentia
1267 1071 1396 1108 uersis.

762 1144 815 1175 uel
832 1144 948 1175 orundi

284 1202 357 1238 292
394 1188 542 1227 oriendi
593 1187 703 1226 Voss}
733 1202 752 1226 0
799 1189 947 1226 oriendi
981 1188 1068 1227 Cus.
1101 1189 1266 1227 cadendi
1308 1190 1420 1228 Voss?
1451 1191 1482 1229 b.
1541 1203 1616 1239 293

226 1261 369 1304 perstet
426 1253 537 1292 Voss}
579 1261 720 1304 perstat
772 1253 884 1291 Voss?
924 1254 978 1292 bo
1018 1253 1104 1292 Cus.
1148 1262 1318 1304 perstant
1360 1257 1411 1292 ed.
1451 1255 1619 1305 Regz'om.

229 1319 409 1369 Scaliger.
470 1332 544 1368 294
565 1319 684 1357 uersis
703 1320 838 1357 codices
862 1332 979 1356 omnes
1005 1326 1160 1357 uersant
1186 1321 1236 1358 ed.
1257 1320 1426 1370 Regzbm.
1449 1320 1620 1370 Scaliger

228 1392 378 1424 uertunt
398 1385 596 1422 Bentlez'us.

283 1451 372 1488 Hos
399 1458 474 1489 tres
503 1462 637 1488 uersus
666 1450 837 1500 singulos
866 1450 1001 1487 uitium
1029 1462 1141 1488 suum
1171 1451 1308 1488 insedit
1323 1464 1332 1498 ;
1367 1464 1439 1501 292
1468 1452 1619 1498 oriendi,

229 1516 335 1566 quod
360 1516 460 1554 male
488 1516 657 1564 Scaliger
677 1516 716 1552 in
737 1515 795 1553 ed.
821 1528 838 1551 2
862 1516 1077 1564 corrigebat
1098 1517 1136 1553 in
1156 1518 1298 1563 ruendi,
1320 1529 1409 1555 cum
1429 1529 1477 1555 ex
1497 1517 1620 1554 mani-

228 1582 327 1619 festo
340 1594 464 1620 errore
478 1581 617 1618 librarii
630 1588 754 1618 ortum
772 1581 829 1627 sit,
848 1581 1069 1618 haesitantis
1085 1590 1211 1618 utrum
1225 1584 1289 1619 ori
1300 1595 1349 1619 an
1362 1596 1405 1619 ca
1421 1590 1620 1620 exaratum

229 1654 327 1684 esset
355 1647 394 1683 in
423 1647 557 1684 codice
584 1659 700 1696 quem
727 1646 976 1684 describebat.
1033 1646 1258 1684 Rectissime
1284 1648 1479 1685 reuocauit
1503 1647 1618 1685 Bent-

228 1712 323 1750 leius
349 1710 525 1748 cadendi¹
553 1711 659 1761 quod
688 1724 768 1749 non
797 1711 923 1748 solum
953 1724 1000 1748 ex
1026 1711 1179 1749 Gembl.
1200 1713 1448 1750 confirmatur
1477 1713 1543 1751 sed
1566 1714 1618 1750 sic

228 1778 413 1827 scriptum
432 1777 530 1814 inest
547 1777 677 1814 Voss.²
696 1784 733 1813 et
753 1784 884 1814 nostro
899 1777 929 1813 b.
990 1790 1063 1825 293
1088 1782 1231 1826 prestat
1248 1778 1328 1816 siue
1342 1783 1493 1827 perstat,
1514 1779 1620 1829 quod

229 1843 308 1880 iam
338 1849 551 1880 correctum
581 1842 620 1878 in
640 1846 814 1890 perstant
830 1841 945 1879 habet
971 1842 1030 1879 ed.
1052 1842 1228 1892 Regiom.
1288 1856 1363 1891 294
1393 1845 1522 1890 uersis,
1548 1856 1620 1893 pro

230 1922 309 1960 quo
337 1913 491 1946 uersam
521 1908 657 1946 eadem
688 1907 999 1957 Regiomontana
1031 1908 1147 1946 editio
1177 1909 1304 1955 habet,
1339 1910 1475 1947 melius
1504 1909 1620 1947 Bent-

229 1975 324 2013 leius
362 1974 525 2012 correxit
564 1974 603 2010 in
635 1978 791 2011 uertunt.
849 1973 895 2010 Id
933 1986 980 2011 ex
1020 1974 1120 2012 male
1158 1969 1351 2013 intellecto
1389 1976 1621 2026 compendio

230 2041 352 2087 uerlt'l,
372 2045 461 2088 post
480 2040 598 2076 uersis
618 2039 758 2076 facturn
777 2045 846 2077 est.
904 2039 1036 2088 Itaque
1057 2039 1164 2078 locus
1185 2041 1238 2078 sic
1260 2041 1399 2078 euadit.

395 2104 668 2153 Occiduusque
698 2104 808 2141 Aries
838 2105 1003 2154 spatium
1033 2112 1264 2155 tempusque
1292 2106 1454 2144 cadendi

395 2168 514 2215 Quod
542 2175 656 2215 tenet,
686 2169 724 2206 in
754 2177 900 2207 tantum
930 2169 1072 2208 Chelae
1101 2183 1332 2220 consurgere
1359 2178 1538 2221 perstant.

392 2234 487 2272 Eius
515 2234 554 2271 in
583 2234 801 2283 exemplum
830 2247 871 2273 se
901 2236 1008 2285 signa
1038 2237 1235 2286 sequentia
1263 2242 1427 2274 uertunt.

286 2322 358 2360 III.
383 2317 564 2370 309-31‘2
588 2321 641 2359 sic
661 2329 789 2359 extant
809 2322 848 2359 in
868 2322 1019 2360 Gembl.

394 2387 452 2424 Illi
481 2393 662 2436 perpetua
690 2388 896 2435 iungantur
925 2400 1019 2437 pace
1048 2388 1182 2426 diebus

397 2451 598 2490 Obscurae
627 2459 760 2489 noctes
789 2465 915 2501 aequo
945 2461 1019 2491 stat
1049 2453 1198 2491 saedere
1228 2460 1378 2503 tempus

275 2534 284 2552 ¹
310 2536 347 2566 In
359 2535 466 2567 Voss.²
481 2535 617 2567 cadendi
633 2536 677 2567 ita
694 2542 858 2568 exaratum
875 2541 967 2569 estut
982 2538 1023 2568 ab
1035 2538 1165 2568 om’ena'i
1179 2538 1296 2578 exiguo
1312 2537 1408 2569 distet
1425 2537 1620 2570 discrimine.
