1786 2878
222 134 239 162 1
252 134 268 162 1
278 122 301 162 8
629 129 825 162 NOCTES
853 130 927 161 MA
933 130 1071 162 NJLJA
1077 130 1184 162 NAE

219 237 318 273 uicta
352 236 393 273 de
427 236 562 272 uictum
598 240 720 273 morte.
789 235 986 274 Sententia
1023 237 1092 274 erit
1132 235 1323 274 Catonem
1363 246 1451 272 cum
1489 240 1610 272 morte

220 301 404 339 luctatum
431 300 519 338 huic
547 313 625 338 non
653 302 823 347 cessisse,
846 302 912 339 sed
940 302 1123 339 inuictum
1155 313 1276 351 usque
1305 300 1354 338 ad
1384 300 1499 338 finem
1528 312 1611 349 per-

219 367 390 404 durasse.
447 366 637 404 Praestitit
666 378 707 404 se
736 366 915 404 omnibus
944 366 1234 412 indomabilem,
1265 366 1381 403 etiam
1411 378 1434 403 a
1463 373 1610 404 morte:

220 444 320 482 quae
351 444 399 469 ne
430 431 513 481 ipsa
542 431 698 481 quidem
727 432 818 469 uicit
847 439 1109 470 accersentem
1139 438 1277 481 sponte
1305 443 1377 469 nec
1409 431 1612 468 cedentem

219 497 321 547 turpi
354 496 455 546 fuga,
486 497 554 535 sed
584 497 694 547 quasi
728 497 964 547 triumphum
999 510 1021 535 a
1055 505 1188 543 morte,
1221 496 1314 534 dum
1348 496 1518 543 moritur,
1554 508 1612 534 re-

220 569 447 612 portantem.

274 640 309 665 u.
328 629 375 675 87
394 634 494 665 recte
514 627 649 665 tradita
669 627 784 666 credo
805 640 902 678 quae
923 628 1078 666 codices
1099 628 1241 665 habent
1256 628 1321 664 sed
1332 627 1406 676 lege
1420 630 1613 676 repugnat.

220 692 381 730 Videtur
401 693 691 742 inpersonaliter
717 695 884 743 positum
909 698 1099 743 repugnat,
1124 694 1212 731 ‘sed
1239 700 1295 731 est
1322 692 1427 743 quod
1454 704 1500 730 ex
1528 691 1612 740 lege

220 759 515 808 repugnantiam
553 756 689 796 faciat.'
748 758 893 808 Legem
933 759 1023 797 dicit
1060 758 1126 796 fati
1157 771 1235 808 qua
1263 766 1455 807 coguntur
1484 768 1543 794 res
1577 764 1614 793 et

219 831 412 872 reguntur,
433 831 474 861 ut
493 835 573 860 non
594 823 725 861 omnia
745 831 923 873 tempora
949 824 1105 862 eosdem
1127 823 1258 869 ferant,
1282 823 1350 861 sed
1376 824 1501 861 bonos
1529 821 1612 866 alia,

220 889 294 926 alia
313 890 474 938 peiores.

274 955 343 993 IV.
368 968 442 1004 134
463 967 547 1006 sqq.
568 956 620 993 sic
642 962 772 993 extant
792 956 830 993 in
851 955 1003 994 Gembl.

653 1027 803 1059 tantum
832 1029 889 1059 est
916 1034 1016 1071 opus
1045 1023 1126 1072 ipsa
1155 1022 1313 1060 suismet

280 1098 353 1135 135
383 1086 558 1124 Asseruit
587 1086 713 1124 Pallas
741 1087 918 1125 manibus
947 1088 1186 1138 dignumque
1215 1087 1362 1137 putauit

384 1152 510 1202 Seque
541 1152 580 1189 in
610 1164 750 1190 araneo
780 1164 965 1202 magnum
994 1160 1101 1203 putat
1131 1165 1214 1190 esse
1243 1152 1478 1201 triumphum

383 1218 495 1256 Haec
524 1218 650 1255 studia
679 1225 716 1255 et
745 1218 887 1256 similes
915 1218 1016 1256 dicet
1045 1218 1289 1256 nascentibus
1317 1224 1416 1254 artes

382 1284 434 1321 Et
463 1283 580 1320 dubia
609 1283 647 1320 in
676 1283 825 1333 trepido
854 1284 1078 1333 praecordia
1106 1290 1262 1333 pectore
1292 1283 1445 1332 signum

385 1348 510 1399 Seque
540 1361 610 1386 sua
639 1361 790 1399 semper
818 1349 1012 1399 cupientia
1041 1349 1208 1387 uendere
1237 1348 1361 1386 laude.

281 1417 353 1463 136
385 1413 622 1452 inarachneo
661 1412 775 1452 Voss?
804 1414 1012 1464 inaragnea
1041 1427 1060 1451 0
1088 1415 1127 1452 in
1156 1414 1346 1451 arachnea
1379 1413 1400 1450 b
1430 1424 1615 1462 magnam

231 1479 344 1518 Voss?
374 1481 467 1517 unde
497 1479 656 1517 Iacobus
685 1480 784 1517 dedit
813 1479 937 1529 Seque
967 1481 1006 1517 in
1036 1480 1267 1517 Arachnaeo
1295 1491 1478 1529 magnam
1507 1486 1615 1528 putat

220 1558 303 1583 esse
328 1545 535 1595 triumpho.
595 1545 720 1595 Seque
748 1546 787 1582 in
808 1545 1037 1583 Arachnaea
1065 1557 1252 1594 magnum
1281 1552 1454 1594 portasse
1484 1544 1615 1581 trium-

221 1612 342 1661 phum
361 1611 563 1649 Bentlez'us.
625 1621 697 1660 137
722 1612 801 1661 figi-1
832 1609 946 1649 Voss.²
965 1612 1046 1660 figit
1071 1624 1089 1648 0
1109 1611 1199 1660 figet
1220 1611 1250 1648 b.

277 1676 481 1726 Speciosae
503 1683 590 1714 sunt
611 1677 855 1715 coniecturae
876 1684 917 1714 ut
937 1676 1112 1723 Bentleii,
1135 1677 1188 1714 sic
1209 1687 1289 1714 non
1314 1675 1440 1712 minus
1460 1674 1614 1712 Iacobi:

221 1749 261 1779 ut
281 1742 439 1780 difficilis
465 1743 512 1780 sit
538 1743 633 1780 inter
658 1749 861 1792 utrumque
887 1742 1120 1779 diiudicatio.
1180 1741 1336 1778 Haereo
1360 1747 1487 1777 tamen
1511 1746 1553 1776 ut
1576 1740 1615 1776 in

222 1820 303 1845 non
317 1808 464 1857 optimo
485 1814 623 1856 poeta:
654 1807 714 1845 cui
731 1819 802 1844 nec
814 1812 930 1856 putat
945 1813 1031 1856 post
1046 1808 1197 1855 putauit
1214 1805 1525 1850 abiudicandum,
1544 1816 1616 1842 nec

222 1872 378 1921 elegans
394 1872 485 1910 illud
501 1880 538 1910 et
552 1871 787 1910 Ouidianum
804 1872 927 1921 magis
943 1884 1060 1921 quam
1075 1871 1330 1908 Manilianum
1347 1871 1428 1906 z'nA
1436 1871 1617 1907 raclmaeo

222 1951 395 1986 magnam
412 1942 527 1987 putat
544 1950 616 1974 esse
635 1937 821 1986 triumpho
845 1938 951 1974 omni
978 1949 1026 1974 ex
1053 1943 1158 1986 parte
1187 1936 1452 1974 conueniebat.
1510 1935 1616 1982 Quid

222 2003 327 2052 quod
366 2002 397 2040 I.
434 2005 509 2051 789
553 2002 744 2040 Cerlantes
781 2001 894 2039 Decii
927 2004 1020 2039 uotis
1057 2002 1261 2050 similesque
1299 2001 1498 2049 triumphz's
1537 2013 1616 2038 non

223 2068 416 2106 dissimilis
452 2080 544 2105 usus
583 2075 640 2105 est
675 2067 808 2105 uerbi?
846 2080 936 2104 nam
970 2074 1011 2104 ut
1050 2068 1088 2104 in
1123 2067 1390 2104 Arachnaeam
1424 2066 1616 2103 uincendo

223 2133 360 2180 Pallas,
402 2133 456 2171 sic
501 2133 540 2170 in
584 2133 767 2171 certando
811 2134 911 2170 uotis
950 2133 1060 2170 Decii
1099 2144 1179 2169 non
1219 2131 1455 2181 triumphant
1493 2132 1616 2179 magis

225 2211 343 2249 quam
372 2198 553 2248 triumphi
583 2199 778 2248 specimen
804 2198 932 2245 edunt,
955 2205 1119 2248 suntque
1144 2197 1434 2248 quodammodo
1455 2197 1525 2246 ipsi
1545 2198 1615 2233 [νί-

225 2264 364 2313 umplzz'.
422 2263 556 2302 quen.
586 2264 635 2300 xi.
671 2276 744 2311 194
774 2265 976 2312 similisque
1004 2263 1192 2312 triumpho
1212 2262 1365 2299 Praeda
1392 2261 1616 2298 caballorum

217 2335 374 2379 praetor
392 2330 493 2375 sedet,
514 2329 579 2366 ubi
601 2328 739 2378 Mayor
759 2329 847 2366 citat
874 2329 1003 2367 locum
1029 2328 1127 2365 Liuii
1149 2328 1273 2365 xxviii.
1307 2340 1342 2375 9,
1369 2338 1414 2375 15
1436 2329 1507 2363 iret
1524 2328 1616 2363 alter

226 2396 356 2432 consul
381 2395 548 2432 sublimis
577 2407 702 2440 curru,
731 2396 949 2443 nmllz‘z‘ugzk,
977 2396 1015 2431 εί
1039 2395 1154 2438 uellet,
1175 2394 1274 2441 equis
1287 2406 1306 2436 ,·
1342 2405 1412 2429 uno
1441 2404 1526 2441 equo
1546 2399 1616 2440 per

228 2460 350 2497 urbem
371 2473 497 2497 mrum
519 2460 745 2508 triumphum
766 2460 858 2496 uehi.
917 2459 993 2496 Sed
1013 2468 1047 2496 et
1071 2458 1166 2496 deus
1195 2458 1348 2506 fingitur
1363 2456 1614 2506 Triumphus.

227 2525 277 2562 Et
307 2532 409 2563 amat
437 2525 741 2575 prosopopoeias
774 2524 991 2563 huiusmodi
1027 2532 1179 2562 noster:
1225 2523 1276 2560 sic
1307 2522 1450 2560 Xerxes
1481 2522 1615 2560 dicitur
