1786 2878
234 138 289 190 48
656 145 723 179 No
731 146 854 179 CTES
882 145 1102 178 MANJLJA
1109 144 1215 177 NAE

236 251 355 290 Libra
384 263 473 290 cum
505 250 721 300 Sagittario,
748 251 974 301 Sagittarius
1003 263 1093 289 cum
1120 250 1306 301 Aquario,
1326 248 1520 300 Aquarius
1549 261 1639 288 cum

237 318 392 355 Ariete:
437 317 617 363 feminea,
651 317 803 354 Taurus
834 329 923 354 curn
959 316 1124 362 Cancro,
1158 316 1311 353 Cancer
1347 327 1435 353 cum
1465 315 1639 364 Virgine,

236 382 359 431 Virgo
398 395 486 420 cum
528 382 703 431 Scorpio,
741 382 925 431 Scorpius
968 393 1057 419 cum
1092 380 1346 430 Capricorno,
1381 379 1642 430 Capricornus

238 460 328 486 cum
351 447 535 494 Piscibus,
559 447 690 485 Pisces
710 459 798 485 cum
819 447 965 485 Tauro.
1022 446 1134 484 Haec
1154 454 1210 483 est
1232 446 1293 482 lex
1317 446 1537 495 propinqua
1561 446 1642 482 siue

238 514 560 564 propinquorum.
617 524 682 549 uu.
705 514 795 561 381,
821 525 839 549 2
862 525 910 550 ex
931 511 1086 549 Gembl.
1103 511 1262 549 restituit
1283 510 1490 555 Bentleius,
1511 511 1643 548 rectis-

239 579 347 625 sime,
382 585 423 616 ut
456 578 549 615 mihi
582 577 756 623 uidetur3
800 590 892 614 nam
926 577 990 614 sed
1020 579 1093 625 381
1128 583 1255 626 aperte
1286 575 1493 625 respondet
1522 587 1642 624 nega-

239 645 341 682 tiuae
357 643 566 693 particulae
586 655 657 679 non
676 645 765 691 380,
781 655 817 679 se
836 643 1064 691 coniungunt
1076 642 1210 679 eadem
1229 642 1326 678 duce
1342 640 1642 690 palaeographia

240 722 288 747 ex
304 722 420 746 secum
442 710 607 757 z'wzgunl
624 708 875 758 deprauatum
896 714 963 745 est.
1006 707 1082 744 Sed
1099 707 1291 744 suboritur
1311 706 1511 752 dubitatio,
1529 709 1643 743 celera

239 787 353 812 sexus
372 773 544 811 Feminei
562 786 680 810 secum
704 774 866 821 iungunt
891 773 1105 810 commercia
1130 773 1263 809 mundi
1284 784 1378 809 num
1405 778 1507 808 recte
1527 770 1644 808 Bent-

240 840 335 878 leius
358 839 559 889 explicarit
586 851 704 875 secum
733 838 1001 887 interpretatus
1023 837 1211 875 ‘feminea
1240 849 1329 874 cum
1358 836 1542 882 femineis,
1562 848 1643 874 non

240 918 329 943 cum
350 904 552 949 masculis,’
573 904 680 954 quod
701 903 865 952 Anglice
891 910 1017 941 uertas
1040 903 1119 940 ‘six
1149 902 1248 939 male
1274 903 1381 951 signs
1405 901 1642 951 correspond

240 977 282 1009 to
309 970 406 1008 each
433 969 555 1015 other,
576 969 640 1006 the
671 968 886 1006 remainder
907 980 969 1005 are
990 968 1173 1005 feminine
1194 968 1270 1004 and
1295 967 1541 1016 interchange
1562 968 1645 1014 only

239 1037 334 1073 with
362 1035 449 1072 each
478 1035 580 1072 other
609 1034 705 1071 their
726 1033 832 1084 skiey
852 1031 1096 1079 connexion,’
1118 1045 1166 1070 an
1188 1036 1379 1078 ἐμφατικῶς
1406 1032 1644 1069 enuntianda

241 1103 316 1140 sint
331 1101 393 1138 illa
409 1100 580 1137 Feminei
593 1112 719 1145 sexus,
739 1099 882 1148 quippe
899 1111 997 1148 quae
1014 1111 1144 1135 ueram
1166 1098 1244 1135 uim
1262 1104 1418 1135 teneant
1433 1098 1645 1135 sententiae

243 1167 327 1205 ‘the
350 1166 567 1204 remainder
588 1178 651 1202 are
672 1165 854 1202 feminine
876 1164 954 1202 and
978 1164 1165 1201 maintain
1193 1163 1401 1212 reciprocal
1427 1163 1645 1200 communi-

242 1233 370 1271 cation
386 1245 429 1269 as
447 1230 560 1268 such?
606 1230 703 1268 Mox
719 1231 757 1267 sz'
768 1231 961 1278 quicquam
983 1229 1110 1279 potius
1127 1242 1173 1266 ex
1189 1229 1409 1266 coniectura
1425 1228 1644 1277 scripserim

242 1310 360 1349 quarn
380 1299 432 1334 sz'c
453 1297 601 1343 uz'cz'um,
624 1294 721 1346 (515
743 1295 831 1332 Has
851 1300 990 1332 nalum
1012 1296 1106 1331 uices
1126 1295 1259 1331 lrz‘buz'l
1276 1307 1356 1330 cum
1377 1294 1502 1330 sidera
1512 1293 1645 1343 fixit),

243 1364 310 1414 qui
339 1362 542 1412 genetiuus
572 1361 703 1399 nescio
737 1372 787 1397 an
823 1360 986 1398 Manilio
1021 1359 1270 1409 imputandus
1305 1359 1425 1396 suerit.
1494 1358 1644 1397 Totum

242 1430 358 1479 igitur
377 1428 507 1466 locum
529 1427 582 1464 sic
603 1426 795 1464 constituo

408 1492 484 1530 Sed
513 1499 642 1529 tamen
671 1498 728 1529 est
757 1491 828 1529 illis
858 1490 992 1529 foedus
1021 1491 1092 1528 sub
1121 1491 1204 1539 lege
1234 1490 1462 1539 propinqua,

407 1557 527 1604 Quod
555 1570 637 1608 non
666 1557 860 1594 diuersum
891 1569 1012 1606 genus
1041 1562 1099 1594 est
1128 1556 1355 1594 coeuntibus
1386 1555 1507 1601 astris,

407 1623 587 1661 Mascula
616 1623 683 1660 sed
712 1623 881 1660 maribus
911 1622 1154 1671 respondent,
1186 1630 1312 1659 cetera
1341 1633 1456 1658 sexus

407 1689 581 1727 Feminei
611 1701 744 1726 secum
773 1688 936 1736 iungunt
965 1688 1198 1725 commercia
1223 1686 1368 1731 mundi,

410 1754 448 1791 Si
479 1754 687 1804 quicquam
716 1753 871 1808 alternis
900 1759 1009 1802 paret
1037 1760 1174 1790 natura
1203 1752 1344 1800 figuris,

408 1820 459 1857 Et
488 1826 656 1868 cognata
685 1819 809 1855 iacent
837 1818 990 1867 generis
1020 1819 1091 1855 sub
1120 1818 1270 1866 legibus
1300 1824 1410 1854 astra.

246 1886 297 1925 Si
320 1887 516 1935 quicquam
546 1884 652 1934 quod
686 1884 802 1929 addit,
834 1889 1007 1921 remanet
1041 1889 1171 1921 tamen
1211 1883 1380 1932 suspicio
1414 1882 1647 1920 alternorum

247 1952 417 1989 siderum
438 1963 505 2000 per
527 1950 778 1998 hexagonum
799 1949 1086 1998 copulationem
1112 1948 1204 1985 nihil
1225 1949 1264 1985 in
1284 1948 1468 1997 genituris
1494 1948 1648 1994 ualere;

246 2029 364 2067 quem
385 2016 541 2065 quidem
562 2021 828 2064 conspectum,
851 2014 1066 2052 Censorino
1087 2020 1182 2051 teste
1203 2013 1250 2050 de
1271 2013 1331 2050 die
1353 2020 1429 2050 nat.
1453 2015 1475 2050 8
1496 2014 1647 2062 quidam

246 2095 317 2119 non
337 2094 591 2130 usquequaque
609 2085 826 2129 receperunt,
846 2080 945 2128 quod
961 2081 1152 2117 minimum
1180 2080 1233 2116 ad
1252 2080 1497 2116 malurz’lalem
1509 2082 1650 2128 partus

247 2147 441 2185 uidebatur
461 2147 637 2196 conferre.

301 2213 353 2250 ΙΙ.
377 2224 561 2261 419-422
588 2212 641 2249 sic
663 2217 794 2248 extant
815 2211 852 2247 in
875 2210 1027 2248 Gembl.

412 2277 517 2315 Hinc
547 2277 650 2326 rigor
679 2284 716 2314 et
745 2277 887 2326 glacies
917 2277 1148 2325 niuibusque
1178 2275 1346 2312 albentia
1375 2286 1463 2311 rura

304 2355 382 2391 420
413 2342 519 2380 Hinc
552 2343 632 2380 sitis
662 2349 698 2379 et
728 2342 846 2379 sudor
875 2341 1077 2391 nudusque
1107 2342 1145 2377 in
1174 2340 1334 2378 collibus
1363 2339 1468 2377 orbis

411 2408 648 2457 Aestiuoque
679 2407 759 2445 dies
788 2414 958 2457 aequant
986 2419 1065 2445 nox
1096 2406 1231 2455 frigida
1259 2406 1421 2442 brumae

414 2473 474 2511 Sic
504 2473 645 2511 bellurn
676 2479 812 2509 natura
842 2473 936 2521 gerit
961 2471 1152 2509 discordat
1182 2477 1219 2508 et
1248 2482 1405 2507 annum.

305 2552 383 2586 420
414 2539 595 2588 nudoque
625 2536 739 2576 Voss.2
780 2537 923 2575 solibus
946 2536 1066 2575 Benll.
1114 2550 1163 2573 an
1190 2536 1394 2585 nudaeque
1420 2535 1456 2571 in
1487 2533 1648 2571 collibus
