1786 2878
216 147 231 174 1
241 146 297 187 34
636 139 702 170 NO
709 140 734 170 C
739 139 771 170 T
770 138 831 170 Es
859 138 1187 170 AlANllJ.›1;xt-1E

213 245 406 284 concedas
426 245 499 283 dici
530 244 698 294 potuisse
719 231 767 282 de
793 256 840 282 eo
861 244 926 294 qui
953 244 1112 282 crimina
1133 245 1182 281 ab
1208 243 1282 282 alio
1312 243 1380 281 fert
1401 244 1449 282 ad
1473 244 1601 289 alium,

214 312 339 349 minus
366 318 495 348 tamen
520 317 556 348 et
578 310 739 346 latinum
769 316 807 347 et
836 309 1090 347 Manilianum
1121 317 1178 347 est
1207 321 1322 359 quam
1352 323 1467 348 nouas
1495 324 1604 347 aures

213 378 402 422 mutantis,
423 376 459 412 h.
481 388 512 413 e.
543 387 689 413 nouum
717 387 868 424 semper
897 376 1111 412 auditorem
1132 376 1363 424 quaerentis.
1406 375 1604 413 Praeterea

213 443 267 480 ad
282 448 441 487 retento,
457 441 657 478 obscurius
677 447 950 477 construuntur
970 441 1110 477 uerba:
1139 452 1216 489 quo
1237 441 1340 478 enirn
1361 441 1603 479 referendum

213 508 282 546 erit
309 509 518 544 mulanlz's?
574 506 613 543 Si
633 506 681 543 ad
701 507 863 553 lzbzguae,
886 506 1130 543 intolerabilis
1159 507 1227 544 erit
1257 507 1365 553 ordo,
1388 505 1604 557 (asperitas)

213 577 414 610 mouentum
435 571 547 609 uerba
561 572 727 619 mall’gna
742 573 902 619 linguae,
917 571 1075 609 solutior
1088 579 1273 610 structura
1286 572 1576 622 infinitiuiferre
1589 585 1604 610 .·

214 640 271 676 sin
292 639 341 676 ad
356 638 495 688 populi,
516 636 753 674 intolerabile
774 637 837 674 fiet
857 637 1081 686 asyndeton,
1100 638 1289 675 sententia
1310 638 1494 687 ineptior:
1526 651 1606 676 non

214 705 317 742 enim
346 703 526 753 populus,
553 703 621 740 sed
650 702 715 752 qui
744 703 912 740 nascitur
941 704 1012 741 sub
1043 703 1227 748 Piscibus,
1249 704 1408 741 crimina
1438 703 1509 741 sert
1538 716 1607 753 per

213 769 413 819 populum,
435 781 556 818 eaque
577 768 627 805 ad
653 780 774 805 nouas
795 780 947 818 semper
966 769 1066 806 auris
1096 775 1227 806 mutat.
1284 769 1421 819 Itaque
1447 771 1499 806 ad
1515 770 1554 807 in
1574 774 1610 806 el

214 835 443 873 mutandum
491 846 656 872 censeo:
704 835 824 871 uerba
872 835 926 872 sic
975 842 1102 872 struo:
1152 836 1347 884 Asperitas
1394 835 1457 873 od.
1497 835 1607 872 datur

212 900 463 952 (dantur)que
492 900 645 950 linguae
666 899 958 951 (nominatiuus)
979 908 1207 938 mouentum
1227 901 1346 938 uerba
1365 901 1546 950 maligna,
1569 908 1606 939 et

213 965 359 1017 (datur)
392 966 574 1003 mutantis
612 963 772 1017 (accus.)
802 978 953 1016 semper
987 979 1109 1005 nouas
1142 967 1254 1012 auris,
1284 967 1443 1004 crimina
1473 967 1606 1016 populi

214 1033 310 1071 ferre
331 1044 396 1070 ore
416 1031 576 1080 bilingui
605 1044 674 1081 per
693 1032 892 1081 populum.
941 1032 1078 1070 Malim
1100 1039 1230 1070 tamen
1251 1034 1414 1070 mulanlz'
1429 1033 1605 1079 scribere,

213 1099 274 1137 cui
294 1098 402 1135 facile
427 1097 683 1134 adhaesurum
710 1105 790 1135 erat
815 1111 834 1135 s
856 1098 1048 1147 sequentis
1075 1098 1252 1136 uocabuli
1280 1106 1442 1148 semper,·
1472 1106 1604 1149 estque

213 1164 287 1202 hoc
310 1163 643 1201 accommodatius
662 1162 710 1200 ad
730 1163 962 1212 praecedens
983 1165 1104 1201 datur.

268 1249 304 1275 u.
328 1246 404 1285 573
427 1249 474 1274 ex
497 1236 650 1274 Gembl.
673 1237 726 1274 sic
748 1237 965 1274 refinxerim

378 1313 490 1351 Neue
521 1313 566 1351 sit
596 1320 760 1351 aetatem
789 1314 921 1364 primis
949 1313 1174 1364 producere,
1206 1313 1345 1361 Pisces,
1598 1360 1610 1368 l

214 1388 250 1424 h.
265 1399 297 1424 e.
314 1398 412 1423 neue
434 1385 480 1422 sit
499 1385 623 1431 uobis,
639 1397 662 1422 o
677 1385 816 1432 Pisces,
831 1385 962 1435 primis
983 1385 1192 1435 producere
1207 1384 1262 1436 (in
1282 1384 1426 1437 ortum)
1442 1393 1606 1425 aetatem

216 1453 295 1490 siue
316 1452 435 1488 uitam
456 1450 708 1488 nascentium.

274 1516 410 1567 Itaque
439 1516 524 1554 talis
553 1516 682 1554 euadit
711 1515 835 1554 forma
864 1517 1076 1554 sententiae

379 1592 490 1630 Neue
521 1592 568 1630 sit
597 1597 751 1630 aetatem
780 1593 913 1643 prImis
942 1593 1168 1642 producere,
1199 1593 1340 1632 Pisces.

378 1658 595 1696 Garrulitas
624 1659 760 1697 odiosa
789 1658 909 1705 datur,
939 1659 1170 1709 linguaeque
1199 1667 1427 1698 mouentum

376 1723 507 1761 Verba
535 1723 716 1774 maligna,
747 1736 869 1762 nouas
899 1723 1116 1774 mutanti(s)
1148 1737 1298 1774 semper
1325 1730 1360 1762 el
1385 1726 1484 1763 auris

380 1790 552 1837 Crimina
580 1802 650 1840 per
678 1789 867 1840 populum
897 1790 1030 1840 populi
1062 1790 1156 1829 ferre
1185 1803 1252 1829 ore
1282 1791 1450 1841 bilingui.

270 1867 339 1905 IV.
363 1869 545 1915 579—581

381 1943 531 1982 Scilicet
559 1944 598 1980 in
626 1944 773 1993 piscem
804 1956 887 1982 sese
915 1944 1093 1983 Citherea
1121 1947 1269 1983 notauit

380 2009 481 2048 Cum
511 2009 725 2047 babilonias
755 2022 866 2048 casus
895 2010 1063 2060 profugit
1092 2011 1130 2048 in
1158 2011 1282 2050 undas

704 2074 778 2105 ueli
916 2075 989 2107 ueli

379 2117 650 2168 Anguipedem
681 2119 802 2157 alatos
831 2119 1014 2159 humeros
1043 2121 1214 2171 typhona
1242 2121 1437 2160 serentem.

274 2204 349 2243 579
371 2196 530 2233 nouauit
543 2200 595 2232 est
612 2197 650 2232 2⁴71
663 2197 714 2233 cd.
735 2196 904 2234 llloll’m'z'.
941 2199 1018 2246 580
1037 2200 1092 2235 sic
1117 2198 1205 2236 Cus.
1226 2204 1260 2236 el
1287 2198 1396 2236 Voss.¹
1418 2201 1496 2236 m‘sz'
1514 2201 1613 2248 quod

220 2261 308 2299 Cas.
324 2262 433 2298 habet
449 2261 629 2310 profingit
685 2262 880 2301 babilonia
893 2268 1004 2302 cassu
1021 2276 1146 2302 mersa
1171 2263 1282 2301 Voss?
1341 2266 1412 2313 581
1438 2277 1606 2315 unguem

208 2334 282 2375 pro
310 2326 491 2364 humeros
520 2325 630 2364 Voss.¹
655 2326 744 2364 Cus.
807 2329 946 2377 unguis
967 2342 986 2365 0
1006 2330 1142 2379 anguis
1161 2330 1192 2367 b.

272 2404 307 2428 u.
331 2394 409 2439 580
429 2392 604 2441 plerique
625 2405 671 2429 ex
697 2392 827 2431 Voss.²
849 2395 903 2431 sic
924 2394 1040 2431 edunt

380 2468 481 2506 Cum
514 2467 795 2517 Babyloniacas
825 2482 1036 2508 summersa
1065 2470 1233 2520 profugit
1262 2472 1300 2508 in
1329 2472 1452 2509 undas

218 2551 253 2582 et
284 2545 336 2583 sic
362 2544 569 2591 Bentleius,
593 2545 658 2584 sed
686 2546 810 2585 deleto
838 2559 872 2585 u.
896 2550 965 2595 581
998 2554 1182 2597 tanquam
1208 2549 1347 2598 spurio5
1376 2549 1606 2600 inuectoque
