1786 2878
778 171 823 202 Π
1453 164 1502 203 61

106 276 145 313 in
166 275 235 312 illis
255 274 432 325 planetae
453 274 774 313 dodecatemoriis
794 275 1062 322 includuntur3
1083 276 1121 312 in
1146 284 1232 324 747,
1258 279 1279 313 8
1302 276 1506 315 dodecate-

107 341 259 379 morion
279 341 415 378 dicitur
435 341 474 378 in
495 341 590 378 fines
610 341 788 390 planetae
807 342 986 379 incidere.

162 406 214 445 ΙΙ.
240 409 425 455 755—758
449 407 502 444 sic
523 413 654 444 extant
675 407 713 443 in
735 407 891 445 Gembl.

269 471 323 509 Vt
350 473 510 509 rudibus
539 473 666 521 pueris
695 479 930 510 monstratur
958 472 1081 510 littera
1111 473 1279 522 primum

271 536 345 574 Per
373 536 510 574 faciem
540 549 761 587 nomenque
791 550 904 575 suum
934 539 1179 587 componitur
1207 550 1300 575 usus

270 602 387 640 Tunc
417 602 624 640 coniuncta
653 603 731 640 suis
760 602 947 641 formatur
977 603 1124 652 syllaba
1152 604 1265 641 nodis

274 667 351 704 Hic
380 668 509 704 uerbis
539 674 727 705 structura
756 669 861 706 uenit
890 681 960 718 per
988 669 1109 706 uerba
1137 668 1302 718 legendi.

166 735 242 782 756
273 745 363 770 cum
399 734 555 782 ponitur
583 733 750 778 Iacobus,
781 738 871 771 recle
910 738 952 770 ῑιί
985 735 1158 771 uidetur:
1203 739 1294 771 certe
1340 735 1511 783 spurium

109 812 182 836 esse
209 812 356 836 uersum
387 811 458 835 non
487 799 584 836 mihi
600 802 796 847 persuasit
821 800 945 837 Benll.
1002 800 1129 848 Aegre
1157 802 1252 836 em'm
1280 801 1512 837 desideratur

111 866 184 903 Per
215 864 353 902 faciem
387 877 610 914 nomenque
643 877 767 909 suum,
797 866 928 914 qm'bus
958 867 1080 903 lz'llcra
1104 867 1234 914 pueris
1268 871 1510 904 monstratur.

113 932 189 979 758
213 930 291 967 Hic
315 930 404 968 Cus.
432 930 543 967 Voss?
592 930 666 968 His
692 930 803 968 I'oss.¹
854 931 959 968 Hinc
981 932 1033 968 ob.
1086 931 1252 979 legendo
1280 930 1391 968 Voss.¹

166 1008 204 1033 u.
223 997 299 1043 758
321 995 550 1045 plerumque
571 1003 658 1045 post
679 995 802 1034 Bentl.
825 997 943 1034 edunt
964 996 1068 1034 Hinc
1083 997 1191 1033 uerbi
1201 1001 1395 1033 slruclzcra
1416 999 1516 1033 uenit

103 1069 175 1111 per
205 1061 366 1098 membra
396 1062 547 1110 legendi.
606 1061 716 1099 Vnus
748 1062 941 1100 Breiterus
971 1062 1018 1100 de
1052 1061 1206 1099 emend.
1228 1061 1364 1100 Manil.
1394 1075 1429 1111 p.
1465 1073 1509 1111 17

113 1127 278 1164 seruauit
300 1134 372 1176 per
405 1128 530 1174 uerba,
560 1127 628 1165 sed
659 1135 808 1166 mutato
840 1129 984 1177 legendi
1011 1128 1050 1165 in
1079 1129 1221 1177 legenti,
1252 1127 1357 1177 quod
1386 1129 1512 1177 ipsum

113 1199 217 1230 extat
248 1193 287 1229 in
322 1192 420 1230 Cod.
443 1192 628 1230 Parisino.
686 1193 748 1231 Sic
780 1195 936 1230 canendi
965 1194 1004 1231 in
1036 1195 1109 1241 767
1143 1193 1323 1230 traditum
1352 1200 1410 1230 est
1438 1207 1510 1243 pro

113 1260 278 1304 canenlz';
311 1265 349 1295 at
373 1259 531 1295 tonandz'
555 1259 657 1296 idem
678 1258 869 1296 Breiterus
898 1272 945 1296 ex
974 1260 1121 1296 lonanlz'
1141 1271 1220 1295 non
1250 1266 1352 1296 recte
1383 1259 1511 1298 elicuit

114 1323 161 1360 V.
197 1336 283 1371 132.
353 1323 430 1362 Sed
453 1324 600 1373 optime
631 1336 672 1362 se
706 1324 821 1362 habet
850 1325 1000 1362 datiuus
1029 1325 1150 1361 uerbis
1178 1329 1370 1361 slruclura
1399 1327 1510 1371 uenit,

114 1401 186 1426 nec
228 1387 392 1426 Manilio
432 1390 678 1438 abripiendus
718 1398 801 1436 est3
845 1390 912 1439 qui
948 1396 990 1427 ut
1031 1389 1123 1426 nihil
1164 1388 1332 1426 habebat
1376 1402 1444 1427 cur
1489 1403 1513 1428 a

115 1455 230 1492 solito
256 1466 328 1491 usu
359 1455 476 1492 datiui
502 1462 590 1504 post
619 1457 744 1492 uenire
777 1455 911 1506 (Verg.
940 1455 990 1493 G.
1016 1456 1038 1492 i.
1064 1453 1158 1505 216)
1186 1455 1427 1502 descisceret,
1458 1457 1513 1494 sic

115 1520 275 1569 legendis
312 1520 354 1557 in
391 1521 536 1569 legendi
562 1519 620 1570 (ut
653 1522 792 1570 lemplz's
821 1522 859 1558 in
895 1522 1024 1570 lcmplz'
1051 1520 1148 1571 779)
1180 1519 1290 1558 facile
1327 1521 1518 1570 deprauar

117 1586 262 1635 potuit:
291 1585 404 1622 uerba
424 1587 514 1634 legit
530 1593 603 1634 per
622 1587 735 1623 uerba
755 1587 821 1636 qui
842 1587 939 1624 inter
963 1586 1162 1635 complura
1182 1586 1373 1623 uocabula
1393 1599 1513 1624 unum

116 1651 218 1699 legit,
240 1650 378 1688 deinde
399 1651 572 1696 alterum,
594 1651 719 1689 donec
741 1659 864 1690 totum
885 1664 1091 1690 numerum
1111 1651 1391 1689 uocabulorum
1415 1665 1515 1702 quae

117 1728 251 1753 uersus
272 1716 333 1753 uel
353 1717 542 1754 sententia
566 1717 845 1766 complectitur,
869 1718 1096 1767 impleuerit.

173 1781 224 1819 ΙΙ.
250 1783 435 1830 762-—764
458 1782 512 1819 sic
531 1789 664 1820 extant
684 1783 723 1819 in
744 1782 898 1820 Gembl.

282 1846 394 1893 Quae
423 1847 497 1885 nisi
526 1848 765 1886 constiterint
795 1848 928 1897 primis
958 1848 1115 1887 fundata
1144 1849 1343 1888 elementis

283 1912 485 1963 Versaque
514 1926 613 1963 quae
642 1927 804 1963 propere
833 1914 1007 1952 dederint
1036 1922 1244 1965 praecepta
1273 1915 1445 1966 magistri

281 1977 333 2015 Et
362 1978 457 2016 fluat
485 1979 525 2016 in
553 1991 698 2017 uanum
727 1992 855 2017 rerum
883 1989 1155 2030 praeposterus
1184 1981 1290 2019 ordo.

177 2045 252 2090 762
275 2044 439 2093 propriis
459 2044 522 2082 ob.
573 2047 648 2093 763
671 2045 797 2083 Versu
818 2057 970 2095 queque
991 2059 1009 2083 o
1030 2046 1199 2084 Perdunt
1227 2059 1325 2097 quae
1345 2046 1516 2096 Regzbm.

121 2107 254 2146 Versis
274 2121 372 2158 quae
390 2109 565 2159 Scaliger
579 2110 651 2148 Vel
672 2123 741 2149 sua
762 2123 1016 2160 praepropere
1030 2111 1230 2149 Bentlez'us.
1256 2112 1362 2149 qum
1379 2113 1518 2150 Vertas

122 2185 233 2223 quae,
259 2179 301 2211 ut
325 2187 398 2224 que
427 2188 528 2212 mera
548 2176 801 2225 dz'llograplzz'a
820 2177 901 2212 sit?
959 2179 1034 2224 764
1061 2177 1112 2215 Et
1137 2177 1231 2214 fluat
1254 2177 1341 2216 Cus.
1367 2176 1477 2215 Voss.1
1499 2191 1518 2215 0

122 2239 176 2277 Vt
191 2239 284 2277 fluat
307 2239 418 2278 Voss.2
433 2241 482 2278 Et
497 2241 591 2279 fluat
608 2246 615 2262 ‘
629 2242 861 2278 subindicata
875 2241 893 2278 f
902 2243 976 2279 loco
992 2249 1005 2280 t
1019 2243 1026 2256 ’
1038 2242 1259 2291 szsz'ensz's,
1276 2248 1357 2281 tesle
1372 2243 1515 2281 Iacobo.

178 2305 257 2343 Hic
276 2305 528 2344 insistendum
549 2307 588 2344 in
610 2320 657 2344 eo
678 2307 782 2356 quod
803 2308 935 2355 optimi
957 2307 1111 2345 codices
1132 2309 1300 2346 uniuersi
1322 2316 1517 2358 praestant

124 2370 300 2420 Elfluat,
317 2384 396 2409 non
412 2371 567 2421 Effluat.
624 2372 669 2409 Id
690 2373 720 2410 si
741 2385 832 2410 uere
850 2373 1098 2420 tradiderunt,
1115 2386 1162 2411 ex
1183 2386 1219 2412 u.
1237 2376 1311 2422 763
1333 2374 1516 2423 apodosis

125 2436 302 2474 ducenda
321 2437 400 2483 erit,
414 2444 671 2487 corruentque
689 2444 723 2475 et
740 2437 902 2476 Bentleii
924 2446 1061 2487 arguta
1074 2439 1084 2459 ¹
1105 2451 1198 2476 sane
1215 2439 1435 2477 emendatio
1459 2439 1520 2477 Vel

207 2569 216 2586 ¹
242 2569 312 2601 Nee
328 2574 437 2602 tamen
453 2581 491 2602 ea
509 2571 576 2602 ueri
593 2570 718 2610 similis,
737 2582 810 2602 eum
827 2571 859 2602 in
876 2577 1028 2613 sequente
1046 2583 1137 2604 uersu
1155 2573 1196 2603 sit
1205 2576 1442 2614 praeposterus.
