1786 2878
775 134 840 164 Ill
1418 137 1497 176 109

106 253 250 279 errasse
270 240 362 278 mihi
382 240 530 278 uidetur
543 239 566 276 ¹.
624 238 753 277 Etiam
775 239 835 277 hic
855 239 941 276 solis
963 251 1061 277 unus
1074 238 1205 278 Voss.2
1225 239 1393 276 seruauit
1413 250 1503 277 cum

105 306 262 344 Gembl.
282 306 398 344 ceteri
417 306 550 344 uitiose
569 305 669 342 soles.

160 371 232 409 III.
254 373 343 420 580,
366 373 439 419 581
1007 415 1010 419 ¹

269 436 354 474 Nec
384 436 473 474 satis
501 442 559 473 est
588 447 713 474 annos
743 436 942 484 signorum
972 447 1133 472 noscere
1162 441 1286 473 certos

269 501 331 539 Ne
360 502 473 539 lateat
501 501 597 539 ratio
626 501 742 538 finem
772 501 1044 550 quaerentibus
1074 501 1169 538 aeui.

159 565 221 604 Ne
239 568 350 604 laleal
367 567 520 605 codices
532 579 542 613 ;
572 567 640 604 sed
661 574 748 615 post
768 565 848 603 Nec
868 568 959 603 satis
982 570 1033 603 est
1058 565 1359 615 exspectandum
1380 565 1507 614 potius

106 639 188 670 erat
207 631 416 681 Nz'paleat.
455 632 505 669 II.
527 634 604 679 643
626 631 706 669 Nec
724 633 818 668 satis
837 632 902 668 lwc
918 635 1073 677 lcznlum,
1089 632 1177 668 solis
1197 632 1363 668 zbzszssvlere
1377 632 1508 679 szgrnz's.

110 697 144 735 C
145 699 362 747 onlemplare
374 700 490 735 locum
511 699 606 734 caeli
613 698 794 745 sedemque
813 710 1012 745 vagarum.
1040 696 1108 733 IV.
1126 709 1175 743 40
1183 709 1282 745 9—41
1295 709 1309 733 1
1325 695 1404 733 ZVec
1416 698 1508 732 salis

106 768 160 800 est
169 764 291 812 szgm's
303 764 530 800 dominantia
543 763 678 799 discere
691 763 802 811 ετξ-εἶπα
814 762 894 798 Per
906 762 1012 798 denos
1027 775 1196 799 numeros
1212 766 1245 798 el
1256 775 1348 810 quae
1361 763 1437 799 sint
1450 763 1507 798 in-

107 830 179 865 sila
195 829 323 877 cuique
335 827 412 866 Sed
418 829 603 877 proprias
607 831 738 876 parles
754 828 855 875 {psas
875 831 1034 875 spectare
1054 832 1232 863 7715772enl0.
1256 827 1304 863 H.
1322 836 1409 875 270,
1430 836 1501 874 271

107 892 188 930 Nec
212 894 305 930 saltis·
330 898 384 930 est
397 894 577 943 proprias
601 893 795 941 signorum
820 905 963 929 noscere
973 893 1129 940 formas
1159 892 1348 929 Conscnsu
1373 905 1507 941 quoque

93 960 192 1009 sala
216 963 359 996 mouent
384 959 580 1008 etfhedere
602 959 776 1007 gaudent.
834 957 914 1004 Qui
939 963 1014 995 tres
1044 958 1118 995 loci
1146 958 1220 995 hoc
1249 958 1391 995 habent
1419 970 1507 994 cum

109 1030 241 1061 nostro
270 1036 489 1070 commune,
510 1023 615 1073 quod
644 1025 762 1060 altera
791 1036 848 1060 res
878 1023 1067 1060 inducitur
1095 1036 1194 1072 quae
1224 1031 1312 1072 post
1341 1023 1505 1072 priorem

109 1089 250 1137 negligi
279 1101 358 1126 non
386 1089 534 1126 debeat.
597 1088 732 1137 Itaque
761 1088 833 1125 hoc
863 1088 950 1125 dicit
980 1095 1120 1136 poeta:
1152 1101 1229 1126 non
1261 1089 1350 1125 satis
1380 1094 1436 1125 est
1465 1089 1506 1125 in

109 1154 330 1191 uniuersum
360 1166 517 1192 noscere
547 1159 643 1203 quot
671 1165 792 1190 annos
825 1153 974 1202 singula
1007 1153 1162 1191 Zodiaei
1194 1154 1303 1202 signa
1330 1154 1506 1198 tribuant,

111 1219 183 1256 nisi
203 1219 341 1257 certior
355 1219 547 1269 quaedam
568 1219 663 1256 ratio
679 1219 746 1255 tibi
763 1226 910 1267 pateat:
937 1219 1163 1268 inspiciendi
1179 1226 1265 1256 sunt
1281 1219 1457 1256 cardines
1473 1219 1509 1254 iv

110 1284 292 1330 caeli‚viii
313 1285 499 1334 regioneS,
516 1285 547 1322 si
563 1285 661 1321 uitae
682 1284 799 1321 finem
821 1284 1007 1333 cuiusque
1029 1285 1184 1322 definire
1206 1284 1345 1333 cupies.
1389 1283 1508 1329 Quod

111 1350 260 1387 uidetur
291 1350 432 1387 idcirco
467 1349 720 1394 subiunxisse‚
751 1361 799 1386 ne
828 1349 940 1386 toties
969 1350 1181 1387 errantibus
1215 1348 1507 1393 mathematicis,

111 1416 225 1452 toties
258 1415 353 1452 falsa
385 1427 432 1452 ex
456 1414 675 1463 horoscopo
704 1415 1023 1463 praedicentibus,
1046 1421 1124 1452 tota
1152 1415 1249 1452 ratio
1279 1414 1508 1463 astrologiae

112 1487 265 1519 corruat
285 1493 355 1518 nec
375 1493 467 1518 uera
487 1481 562 1517 iam
583 1480 789 1517 existimari
809 1480 940 1529 possit.

167 1546 239 1583 III.
263 1548 352 1594 588,
375 1548 450 1595 589
473 1546 525 1583 sic
546 1552 678 1583 extant
698 1546 737 1582 in
758 1545 911 1582 Gembl.

275 1610 376 1649 Cum
405 1611 503 1648 bene
532 1611 708 1648 materies
739 1612 879 1648 steterit
908 1623 975 1660 per
1005 1611 1159 1660 cognita
1188 1623 1313 1648 rerum

276 1675 369 1713 Non
398 1676 630 1725 interpositis
659 1676 870 1713 turbabitur
899 1676 1067 1725 undique
1096 1677 1289 1714 membris.

170 1739 246 1786 588
277 1750 344 1787 per
363 1738 518 1786 cognita
538 1739 597 1774 uel
606 1738 827 1787 percognita
840 1751 971 1781 omnes,
985 1738 1235 1787 praecognita
1256 1737 1430 1787 Scalzgrer
1445 1739 1510 1774 ad-

113 1804 278 1841 sentiente
292 1804 396 1840 tacile
408 1802 571 1840 Bentlez'o
629 1815 697 1852 per
713 1804 866 1852 cognita
886 1815 1013 1840 rerum
1030 1802 1231 1847 Stoebezms,
1248 1817 1349 1852 quem
1370 1809 1512 1840 seculus

113 1872 167 1906 est
183 1868 349 1906 Iacobus.
409 1870 485 1916 589
512 1869 721 1906 turbabitur
742 1869 762 1906 b
782 1882 877 1906 unus
900 1882 950 1907 ex
970 1870 1106 1906 nostris
1135 1870 1334 1906 turbantur
1361 1868 1472 1906 Voss.²
1493 1882 1511 1906 o

114 1934 326 1971 tribuantur
356 1933 469 1971 Voss.¹

170 1998 318 2036 Rursus
342 2005 379 2036 te
406 2011 453 2036 ne
477 1998 597 2048 fugiat
623 1999 725 2048 quod
754 2011 853 2036 unus
873 1999 893 2036 b
921 2012 968 2037 ex
992 2000 1132 2037 nostris
1159 1999 1275 2037 habet
1301 2000 1511 2036 turbabaur

116 2064 329 2102 secundum
357 2062 521 2110 Gembl.,
556 2064 673 2101 ceteri
709 2071 785 2102 tres
819 2064 1032 2111 lurbanlur,
1073 2065 1299 2102 lrz'buanlur.
1356 2065 1446 2102 Hoc
1480 2065 1511 2101 si

116 2137 219 2167 reete
243 2136 280 2167 et
300 2141 347 2167 ex
367 2128 576 2179 archetypo
600 2130 774 2175 seruauit,
806 2135 906 2167 recte
926 2138 1075 2179 poterat
1099 2131 1262 2176 indictos,
1284 2137 1384 2168 recte
1405 2130 1513 2167 dabis

117 2206 280 2232 seruare.

172 2259 220 2297 In
263 2259 391 2309 priore
439 2271 553 2297 uersu
591 2259 701 2297 ualde
740 2259 879 2297 arridet
921 2259 1102 2309 Scaligeri
1145 2260 1363 2298 emendatio
1396 2268 1511 2309 prae-

161 2361 172 2379 ¹
197 2364 205 2379 ‘
214 2363 292 2393 Duo
308 2363 503 2394 uocabulum
518 2367 551 2394 ut
565 2363 607 2393 ab
620 2363 753 2403 optimis
770 2363 884 2403 poetis,
897 2363 942 2393 ita
955 2374 973 2394 a
986 2364 1126 2394 Manilio
1138 2374 1266 2405 quoque
1278 2373 1336 2394 usu
1349 2365 1511 2394 constanti

118 2406 271 2446 pyrrichii
295 2417 430 2437 numero
455 2408 595 2447 positum
620 2411 678 2444 est,
696 2407 803 2447 quode
827 2406 974 2437 conferas
997 2407 1093 2438 huius
1118 2408 1193 2438 libri
1217 2408 1309 2446 tm.)
1326 2417 1354 2436 v.
1374 2408 1436 2446 384
1453 2408 1512 2437 Per

121 2449 187 2479 duo
215 2450 369 2489 partitae3
403 2460 463 2490 593
497 2450 530 2480 Si
564 2450 629 2481 duo
657 2450 825 2480 decedant.
878 2450 1068 2481 Ceterorum
1096 2451 1253 2481 librorum
1284 2450 1385 2483 locos,
1412 2451 1512 2491 siquis

120 2492 279 2533 inspicere
295 2493 384 2528 velit,
402 2493 609 2534 adscripsisse
627 2493 784 2524 sufficiat:
809 2493 836 2523 1.
855 2502 906 2531 21,
926 2494 970 2524 Π.
990 2503 1063 2534 192,
1082 2501 1152 2535 279,
1172 2503 1244 2533 313,
1266 2503 1340 2535 393,
1357 2493 1416 2524 IV.
1428 2492 1513 2533 050?

120 2535 294 2567 Bechertus
310 2536 349 2567 de
366 2537 411 2566 M.
431 2536 562 2567 Manilii
579 2536 770 2568 emendandi
788 2536 919 2575 ratione,
939 2548 969 2578 p.
989 2545 1038 2577 57.
