1786 2878
228 115 284 166 46
634 123 701 156 No
707 123 830 156 CTES
856 123 1186 155 MANJLJANAE

229 229 332 268 coni.
361 227 465 267 lVam
491 240 572 266 cum
594 235 667 278 per
692 230 779 267 talis
791 230 999 281 feriuntur
1026 230 1180 279 se'ngula
1209 229 1331 276 lituus,
1363 241 1416 268 sc.
1446 229 1624 280 obliquas

229 294 359 333 lineas.

285 360 350 398 An
392 368 450 400 est
488 362 592 400 limes
632 360 908 406 nominatiuus,
948 371 1083 398 uersus
1115 367 1245 398 autern
1284 360 1339 398 sic
1377 360 1626 410 refingendus

231 424 336 464 Nam
355 440 435 464 cum
439 427 641 478 sbrmalur
660 426 749 463 talis
761 432 829 475 per
847 426 999 474 singula
1018 426 1121 463 limes
1141 425 1277 463 Sidera
1291 428 1312 463 ,Ρ

288 491 500 542 Postquam
524 493 692 542 primum
717 491 967 540 hexagonum
993 490 1192 541 descripsit
1213 491 1406 538 Manilius,
1425 491 1550 541 pergit
1578 490 1628 528 ad

234 557 406 604 alterum,
427 570 490 595 uu.
512 559 710 606 368—370,
731 568 829 607 quos
849 557 902 594 sic
922 556 1049 594 scribo

399 623 566 661 Alterius
595 623 730 661 ductus
759 621 868 660 locus
897 622 928 659 it
953 633 1021 671 per
1050 621 1207 660 transita
1238 622 1360 671 signa,

400 688 529 738 thue
557 700 604 726 ea
632 695 850 738 praetereas
879 699 978 737 quae
1008 694 1096 725 sunt
1125 687 1218 724 mihi
1247 687 1397 736 singula
1426 686 1540 733 dicta,

399 754 581 792 Flexibus
608 767 659 792 ex
687 753 846 791 totidem
876 752 1006 790 similis
1022 753 1090 801 sit
1118 753 1281 791 circulus
1311 753 1376 790 illi.

295 820 372 868 368
402 819 570 857 Alterius
597 819 618 857 b
646 831 666 856 0
694 818 864 868 Regiam.
893 831 974 855 cum
1001 819 1053 856 ed.
1073 818 1181 855 Rom.
1209 830 1311 866 1510
1339 823 1374 856 el
1398 819 1449 856 ed.
1476 817 1638 856 Molinii

237 884 406 922 Alternis
430 883 568 922 Gembl.
592 883 682 922 Cus.
701 889 736 922 et
748 884 918 934 plerique
939 891 976 922 et
995 884 1094 920 codd.
1115 884 1141 921 it
1160 896 1224 933 ego
1246 891 1303 921 est
1323 883 1506 933 Scalzgrer.
1557 885 1634 931 369

238 954 321 987 ante
337 952 413 998 368
429 950 534 987 habet
554 949 695 988 Gembl.
727 956 962 999 praeteream
983 961 1012 986 0.
1066 958 1144 997 370
1165 956 1202 986 et
1214 950 1315 986 codd.
1336 962 1383 987 ex
1397 962 1460 999 ego
1501 949 1636 987 similis

238 1015 266 1053 it
287 1015 425 1053 Gembl.
442 1015 575 1052 similis
591 1016 638 1053 sit
661 1015 772 1053 Voss)
795 1027 823 1052 s.
838 1015 891 1053 sic
914 1012 1027 1052 Voss.2
1050 1015 1183 1053 similis
1204 1015 1245 1053 fit
1265 1028 1284 1052 0
1303 1015 1400 1052 eled.
1416 1014 1527 1053 Rom.
1563 1014 1637 1052 illis

239 1081 339 1118 codd.
368 1081 418 1118 illi
438 1079 581 1128 Fayus.

298 1145 487 1184 Secuntur
505 1146 612 1193 haec,
640 1155 836 1195 371—373,
858 1158 958 1196 quae
978 1146 1031 1184 sie
1051 1153 1181 1184 extant
1201 1146 1240 1183 in
1262 1145 1414 1183 Gembl.

405 1211 667 1250 Transuersos
695 1212 808 1261 igitur
835 1211 986 1260 fugiunt
1014 1211 1217 1249 subeuntia
1245 1211 1348 1249 uisus

407 1276 526 1324 Quod
554 1277 667 1314 nimis
696 1276 853 1314 inclinat
881 1289 981 1314 anne
1010 1276 1186 1326 limisque
1214 1277 1394 1314 uidentur

407 1342 624 1391 Vicinoque
654 1342 772 1379 latent
801 1354 849 1379 ex
879 1349 985 1380 recto
1014 1343 1154 1380 certior
1182 1342 1289 1379 ictus.

302 1417 374 1457 371
383 1408 487 1458 sort.
503 1407 697 1446 obeuntia.
747 1416 821 1456 372
841 1407 997 1445 inclinat
1013 1408 1112 1445 codd.
1118 1408 1287 1457 plerique
1305 1407 1491 1446 inclinant
1506 1421 1525 1445 0
1540 1412 1574 1445 el
1589 1408 1642 1445 ed.

526 1482 564 1504 aC
580 1483 620 1503 ne

245 1516 358 1555 Rom.
387 1527 488 1565 1510
522 1529 624 1554 anne
656 1516 865 1566 Lipsiensis
902 1529 947 1554 ac
986 1528 1034 1553 ne
1072 1515 1161 1554 Cus.
1203 1516 1376 1554 Vossz'anz'
1409 1530 1428 1554 0
1462 1517 1644 1555 inclinant

247 1583 371 1621 aciem
391 1581 513 1620 Bentl.
540 1582 720 1620 inclinata
748 1582 830 1620 acie
849 1581 1046 1619 Brez'lerus
1074 1581 1230 1619 inclinat
1260 1595 1356 1620 acne
1377 1581 1545 1629 Iacobus,
1566 1583 1602 1620 h.
1615 1595 1644 1620 e.

247 1651 257 1670 ‘
271 1649 384 1685 nimis
405 1649 622 1694 inclinatur,
644 1660 706 1685 seu
725 1661 760 1685 se
780 1647 958 1685 inclinat?
1019 1660 1095 1695 393
1121 1647 1334 1697 Vicinaque
1365 1646 1479 1686 Voss-‚²

302 1713 492 1751 subeuntia
519 1713 550 1751 si
574 1725 710 1750 uerum
730 1721 797 1759 est,
820 1713 1048 1761 significabit
1068 1713 1179 1763 signa
1199 1725 1296 1762 quae
1316 1725 1355 1750 se
1376 1714 1541 1751 inuicem
1567 1725 1647 1751 uno

250 1778 476 1828 interposito
510 1785 700 1824 secuntur,
736 1785 996 1816 transversum
1027 1779 1153 1816 uisum
1187 1778 1285 1816 inter
1315 1791 1463 1817 senon
1493 1779 1646 1816 habere.

253 1843 330 1882 Sed
368 1844 490 1893 potuit
528 1844 691 1882 scribere
730 1844 907 1889 obeuntia,
942 1856 1034 1881 nam
1073 1844 1183 1892 signa
1222 1843 1427 1893 hexagona
1465 1844 1545 1882 siue
1579 1857 1649 1894 per

250 1910 499 1959 hexagonum
540 1910 669 1947 iuncta
707 1909 834 1947 obeunt
870 1909 1055 1946 circulum
1093 1908 1260 1948 Zodiaci.
1326 1909 1371 1946 In
1411 1920 1487 1958 372
1527 1922 1648 1947 unum

251 1987 324 2025 pro
353 1974 552 2024 explorato
582 1974 707 2012 habeo
740 1988 785 2012 ac
816 1988 859 2011 ne
891 1974 952 2012 uel
985 1988 1081 2011 anne
1109 1987 1189 2013 non
1220 1987 1304 2013 esse
1334 1987 1380 2013 ex
1410 1976 1486 2012 acie
1514 1975 1649 2024 depra-

253 2048 408 2087 uatum;
447 2053 538 2078 nam
568 2053 640 2078 nec
669 2053 804 2078 sensus
833 2041 1022 2089 congruit,
1052 2053 1140 2078 curn
1170 2042 1354 2078 inclinare
1381 2041 1442 2078 uel
1471 2042 1656 2078 inclinari

253 2108 350 2144 acies
375 2105 421 2143 de
448 2107 618 2144 exercitu
645 2107 684 2143 in
714 2106 843 2155 fugam
871 2118 983 2144 uerso
1012 2106 1169 2151 dicatur,
1191 2119 1270 2144 non
1291 2107 1337 2144 de
1361 2107 1445 2143 uisu
1467 2107 1650 2156 obliquo3

255 2178 293 2210 et
321 2178 401 2209 tam
431 2171 612 2220 frequens
641 2172 875 2209 uocabulum
905 2172 969 2209 uix
999 2172 1038 2208 in
1067 2185 1110 2208 ac
1137 2184 1190 2216 ne,
1215 2185 1310 2208 anne
1338 2172 1529 2209 latiturum
1560 2179 1651 2209 erat.

257 2236 352 2275 Non
381 2243 524 2274 temere
550 2237 700 2274 uidetur
727 2237 893 2275 Iacobus
919 2250 1007 2274 acne
1032 2237 1239 2286 scripsisse,
1266 2249 1491 2287 quanquam
1521 2250 1567 2275 ex
1599 2238 1654 2276 eis

257 2314 358 2352 quae
379 2301 570 2340 Breiterus
591 2302 768 2340 disseruit
789 2302 890 2340 Nou.
910 2303 1013 2340 Ann.
1032 2302 1165 2340 Philoi.
1182 2314 1215 2339 a.
1237 2304 1350 2350 1889,
1372 2315 1435 2352 pp.
1457 2315 1653 2351 199—201‚

259 2369 416 2406 inclz'na'l
440 2381 529 2405 acne
557 2367 753 2417 productis
782 2373 824 2405 al
850 2368 982 2406 litteris
1011 2368 1075 2405 uix
1108 2367 1291 2404 Manilius
1322 2368 1531 2417 scripturus
1563 2376 1654 2406 erat.

260 2433 396 2482 Itaque
418 2434 600 2470 inclinant
616 2446 728 2470 aenae
744 2434 870 2483 potius
891 2433 1137 2483 reposuerim.
1191 2432 1266 2470 Sed
1282 2445 1357 2482 qua
1374 2433 1654 2482 significatione

261 2498 300 2539 id
321 2498 552 2537 uocabulum
575 2499 627 2536 sic
649 2497 811 2535 intulerit
833 2506 958 2547 poeta,
980 2500 1015 2535 in
1038 2498 1156 2535 dubio
1176 2505 1243 2535 est.
1278 2498 1422 2535 Iacobo
1444 2507 1498 2536 est
1517 2499 1653 2546 ‘uirga‚
