1786 2878
770 147 835 177 HJ
1435 149 1487 192 79

99 251 273 291 Parisino
305 251 488 298 enotauit,
519 251 684 289 indictos.
742 250 840 289 Hor.
873 250 916 288 C.
946 250 995 288 iii.
1027 263 1046 288 2
1054 261 1088 300 5
1121 260 1139 300 7
1175 251 1314 290 Dicam
1347 253 1489 301 inszjgne

98 331 218 356 recens
237 318 358 355 adhuc
385 317 572 354 Indicium
602 329 661 354 ore
680 317 764 354 alio.
822 315 897 353 Sed
918 316 1060 362 dubito,
1086 318 1240 354 indictos
1266 319 1305 354 z'n
1325 319 1490 355 carmine

99 383 314 421 iunxeritne
344 382 538 428 Manilius,
575 382 737 419 ‘unsaid
770 382 810 419 in
844 382 968 431 song,'
995 395 1052 436 ¹an
1086 384 1125 419 z'n
1159 384 1330 420 carmina
1363 384 1489 420 ducere

99 449 251 486 indictos
279 453 408 485 cantus
435 448 466 485 is
494 448 641 485 dicatur
667 447 732 497 qui
761 447 800 484 in
820 459 961 496 poema
982 448 1125 484 inuehit
1144 460 1204 485 res
1225 460 1246 485 a
1267 448 1372 485 nullo
1400 456 1488 486 ante

98 514 271 551 uersibus
297 519 631 559 commemoratas,
656 516 717 550 ‘to
741 513 880 551 launch
906 514 945 550 in
972 525 1071 563 song
1094 526 1142 551 an
1162 513 1350 551 unversed
1375 526 1487 563 argu-

98 577 227 616 ment.’

152 644 226 681 III.
251 645 297 681 16

260 709 419 747 Moenia
448 709 648 747 thebarum
678 715 715 746 et
743 709 884 746 uictam
914 709 1003 759 quia
1032 710 1173 748 uicerat
1202 710 1338 748 orbem

99 775 152 814 sie
174 774 326 813 Gembl.
346 782 384 813 et
403 775 493 813 Cus.
551 775 759 825 Scripserat
779 775 960 813 Manilius
981 783 1044 813 aut

688 841 831 878 uictam
860 853 960 890 quae
988 842 1131 878 uicerat
1158 842 1293 879 urbem

98 905 203 955 quod
238 906 292 943 sic
329 905 368 942 in
407 905 538 943 codice
572 904 783 943 Bodleiano
817 906 838 942 b
871 907 1054 955 scriptum
1089 906 1240 944 inueni:
1286 914 1349 945 aut
1383 907 1488 958 quod

97 972 234 1021 probat
254 971 447 1008 Bentleius

691 1036 833 1075 uictam
862 1037 951 1086 quia
980 1037 1120 1075 uicerat
1149 1038 1295 1075 urbem.

98 1102 190 1140 Hoc
219 1101 399 1151 argutius,
429 1107 466 1139 et
496 1100 545 1138 ad
574 1102 741 1148 Καδμείαν
768 1104 858 1148 νίκην
877 1102 1045 1140 refertur.
1104 1102 1274 1152 Hesych.
1296 1115 1322 1139 s.
1341 1115 1376 1142 u.
1398 1105 1488 1140 Καδ-

96 1171 195 1214 μεῖοι·
223 1169 282 1214 τὴν
301 1169 336 1203 δέ
356 1169 445 1213 νίκην
469 1168 529 1213 τὴν
553 1169 720 1212 Καδμείαν
739 1168 958 1204 ἀποδιδόασιν
983 1169 1037 1204 ἐπὶ
1056 1170 1114 1213 τῆς
1136 1169 1361 1206 ἀλυσιτελοῦς
1387 1171 1487 1215 νίκης.

97 1235 129 1268 οἱ
155 1234 216 1278 μὲν
245 1234 316 1270 ἐπεὶ
343 1233 519 1279 Ἐτεοκλῆς
549 1235 601 1269 καὶ
634 1235 842 1279 Πολυνείκης
871 1233 1170 1280 μονομαχήσαντες
1200 1236 1277 1282 περὶ
1307 1237 1365 1280 τῆς
1399 1236 1489 1280 νίκης

97 1299 286 1346 ἀμφότεροι
313 1299 499 1335 ἀπώλοντο·
533 1301 565 1334 οἱ
593 1299 629 1334 δέ
658 1298 709 1334 ὅτι
738 1303 805 1334 τῶν
838 1300 922 1334 ἑπτὰ
951 1300 1005 1335 ἐπὶ
1038 1298 1154 1344 Θήβας
1186 1301 1490 1346 στρατευσαμένων

95 1364 230 1400 πάντων
262 1364 480 1407 ἀπολομένων
504 1366 535 1399 οἱ
563 1365 629 1399 υἱοὶ
656 1366 759 1399 πάλιν
786 1363 1108 1410 ἐπιστρατεύσαντες
1141 1363 1236 1400 εἶλον
1268 1367 1328 1402 τὰς
1362 1366 1488 1411 Θήβας,

97 1429 142 1466 ὣς
161 1431 252 1476 ἔχειν
269 1430 382 1466 αὐτοῖς
398 1427 445 1479 (Ρ)
465 1430 649 1474 ἀλυσιτελῆ
674 1428 773 1474 νίκην.
832 1428 917 1466 Nec
939 1436 1068 1466 tamen
1088 1436 1190 1467 certa
1210 1442 1268 1467 ΓΕΒ
1289 1437 1366 1468 est:
1397 1443 1487 1468 nam

97 1495 198 1543 quia,
220 1507 311 1543 quae
331 1494 547 1543 saepissime
567 1494 695 1532 locum
716 1500 864 1532 mutant
883 1495 921 1531 in
943 1494 1059 1532 MSS.
1077 1494 1191 1532 Ouid.
1208 1495 1306 1533 Nuc.
1330 1507 1402 1544 115
1419 1495 1489 1533 Me

96 1560 184 1608 quia
207 1572 278 1596 non
304 1572 405 1596 noceo
430 1560 494 1596 ubi
515 1559 748 1596 Heinsianus
769 1560 891 1597 codex
917 1558 1079 1597 Moreti1
1099 1559 1213 1597 habet
1233 1559 1301 1597 Me
1326 1574 1392 1610 que
1417 1573 1489 1598 non

97 1637 209 1662 noceo.
267 1623 401 1662 Manil.
422 1625 474 1662 II.
497 1634 570 1672 907
593 1624 671 1662 Sub
691 1638 825 1673 quoque
845 1637 914 1674 pro
933 1625 999 1662 sub
1019 1638 1087 1674 quo
1106 1627 1207 1674 quia.

151 1689 222 1727 III.
247 1691 376 1736 64-66
398 1690 451 1728 sic
471 1697 602 1727 extant
622 1691 661 1727 in
682 1690 834 1728 Gembl.

259 1755 333 1793 His
362 1756 532 1805 regimen
561 1763 693 1793 natura
721 1756 825 1793 dedit
852 1756 1099 1806 propriasque
1130 1757 1295 1794 sacrauit

258 1820 476 1871 Vnicuique
505 1821 620 1868 uices,
650 1822 852 1871 sanxitque
881 1834 950 1871 per
978 1822 1109 1860 omnia
1138 1835 1289 1860 summa

257 1886 438 1936 Vndique
466 1887 520 1923 uti
549 1886 666 1924 fatum
697 1888 792 1925 ratio
820 1887 1031 1925 traheretur
1059 1888 1098 1924 in
1127 1900 1258 1925 unum.

97 1954 147 2001 65
169 1964 235 2001 per
254 1965 321 1990 om.
346 1952 433 1990 Cus.
455 1953 585 1991 omnia
603 1954 706 1990 codd.
738 1954 911 2002 sortasse
926 1953 1066 1991 omina.
1125 1955 1174 1991 66
1196 1960 1237 1991 ut
1259 1953 1348 1992 Cus.
1375 1953 1487 1992 Voss.¹

96 2017 215 2055 fatum
234 2019 333 2056 codd.
354 2031 402 2056 ne
422 2018 487 2055 fati
506 2023 558 2055 est
575 2020 614 2055 in
633 2019 683 2055 ed.
705 2018 971 2056 Bonz'nconlrz'z‘
990 2021 1102 2066 1484.

151 2082 269 2129 Quod
297 2083 336 2120 in
369 2084 547 2121 omnibus
581 2084 776 2121 codicibus
793 2084 929 2134 falum
963 2092 1159 2121 exaratum
1193 2090 1260 2130 est,
1291 2097 1380 2122 cum
1397 2085 1492 2135 sali

97 2149 285 2186 sententia
303 2149 479 2198 postulet,
492 2149 531 2186 id
550 2148 687 2187 eodem
706 2149 849 2187 factum
870 2149 1019 2187 uidetur
1039 2162 1166 2187 errore
1183 2162 1260 2198 quo
1276 2150 1315 2186 in
1332 2149 1485 2187 Gembl.

96 2213 149 2251 ΙΙ.
179 2226 255 2263 903
296 2214 444 2252 Viribus
475 2215 688 2264 ambzguum
712 2215 900 2263 geminum
929 2226 999 2264 pro
1039 2215 1077 2253 V.
1107 2228 1141 2252 a.
1162 2216 1321 2264 geminis
1334 2231 1348 2253 .·
1375 2215 1488 2252 traxit

96 2291 209 2316 unum
243 2279 380 2328 pariter
418 2292 561 2317 sonans
594 2287 632 2317 et
671 2279 841 2317 eiusdem
881 2292 991 2317 casus
1030 2281 1155 2317 uisum
1177 2280 1324 2329 salum.
1373 2279 1487 2317 Certe

80 2344 216 2393 salum
249 2357 362 2381 unum
397 2344 692 2394 explicationem
723 2357 803 2382 non
835 2344 972 2391 habet;
1019 2358 1090 2383 nec
1125 2352 1250 2395 potest
1283 2345 1486 2394 significari

139 2484 151 2503 ¹
175 2484 275 2516 Hunc
291 2484 436 2516 codicem
455 2496 539 2516 anno
560 2486 642 2526 1889
659 2484 859 2526 Antuerpiae
875 2484 908 2516 in
925 2485 1026 2516 domo
1041 2484 1193 2516 Plantina
1208 2484 1324 2522 inueni,
1343 2489 1374 2516 et
1390 2484 1430 2517 de
1446 2495 1487 2517 eo

97 2535 231 2568 disserui
247 2537 280 2568 in
298 2537 414 2569 Diario
430 2537 637 2579 Philologico
655 2537 917 2578 Cantabrigiensi
934 2537 1003 2569 eius
1020 2537 1095 2570 anni
1113 2548 1167 2580 pp.
1189 2535 1347 2578 272—276.
