1786 2878
245 133 300 174 66
656 142 852 174 NOCTES
881 142 1211 174 MANILJANAE

243 260 333 288 cum
354 250 462 287 uario
484 261 596 287 cursu
611 249 661 288 ita
680 250 870 288 consentit
889 257 929 287 ut
949 249 1050 288 idem
1070 249 1169 288 dicat
1190 249 1306 287 aliter.
1351 248 1533 300 Properat
1554 249 1630 287 uita

242 327 310 364 per
330 315 476 353 uariam
496 316 631 353 seriem
647 327 784 362 rerum,
800 315 866 353 sed
881 316 959 353 uita
974 322 1134 361 matura,
1153 327 1231 353 non
1247 314 1547 360 adulescentum,
1563 314 1630 364 qui

242 380 468 430 plerumque
488 387 617 418 carent
637 381 812 431 negotiis,
832 393 903 419 nec
922 392 1069 427 senum,
1092 381 1156 431 qui
1180 381 1344 430 negotiis
1363 380 1437 418 iam
1457 379 1628 418 defuncti

241 452 340 483 Sunt.

296 511 347 549 II.
370 512 392 548 8
427 524 445 549 2

398 522 454 611 {it
482 585 558 623 qua
587 573 781 623 perficitur
810 585 943 612 cursus
973 573 1154 612 redeunte
1184 574 1255 611 sub
1287 573 1378 611 imo.

294 639 421 677 Immo
441 640 621 677 redeuntis
641 639 686 676 ab
707 641 803 677 imo:
832 639 935 677 idem
956 640 1091 676 uitium
1111 639 1200 677 alibi
1221 639 1470 678 correximus.

294 704 345 743 ΙΙ.
367 706 444 752 856
467 717 550 754 sqq.

402 769 531 808 Omne
561 769 715 820 quidem
745 769 898 819 signum
926 770 998 807 sub
1027 769 1286 819 qualicunque
1316 769 1439 818 figura

400 834 576 873 Partibus
605 835 767 873 inficitur
795 835 940 882 mundi,
972 835 1078 872 locus
1108 836 1269 884 imperat
1297 835 1406 872 astris

398 899 449 938 Et
478 900 588 939 dotes
617 913 839 950 noxamque
867 901 977 938 facit:
1009 908 1210 938 uertuntur
1238 901 1277 938 in
1307 902 1444 938 orbem

401 965 558 1016 Singula
586 974 623 1003 et
651 967 843 1016 accipiunt
871 966 971 1003 uires
1000 965 1185 1015 caeloque
1213 967 1420 1004 remittunt.

399 1030 530 1069 Vincit
557 1032 660 1069 enim
691 1032 851 1075 †natura
878 1043 1012 1081 genus,
1042 1031 1224 1081 legesque
1253 1032 1442 1069 ministrat

396 1096 554 1134 Finibus
582 1097 621 1134 in
649 1097 825 1147 propriis.

287 1161 447 1200 Natura
484 1162 568 1201 loco
600 1175 679 1201 non
713 1162 914 1201 conuenit:
955 1163 1128 1211 posz'lura
1159 1162 1265 1213 quod
1304 1162 1470 1200 Iacobus
1506 1162 1623 1200 edidit

234 1228 348 1265 nimis
378 1228 519 1265 recedit
552 1240 574 1265 a
612 1228 743 1265 litteris
781 1228 969 1266 codicum.
1028 1228 1205 1266 Fortasse
1237 1241 1421 1274 mensura,
1457 1228 1554 1265 sicut
1584 1229 1623 1264 in

233 1293 306 1331 III.
325 1301 397 1340 272
421 1306 594 1330 mensura
614 1293 652 1330 in
673 1305 792 1343 marg.
810 1293 965 1339 Cusani,
984 1298 1123 1330 natura
1141 1294 1179 1330 in
1199 1306 1312 1331 uersu
1331 1301 1397 1331 est.
1439 1292 1623 1331 Mensura

232 1366 289 1397 est
310 1359 525 1397 distributio
546 1359 708 1409 partium
729 1359 822 1397 caeli
844 1371 944 1409 quae
964 1359 1157 1397 metiendo
1177 1360 1229 1397 fit.

287 1424 339 1464 ΙΙ.
366 1427 442 1471 864
465 1437 547 1474 sqq.

396 1489 508 1536 Quae
538 1502 651 1540 super
678 1496 853 1528 exortum
883 1496 940 1528 est
970 1503 992 1528 a
1022 1502 1174 1528 summo
1203 1489 1312 1528 tertia
1340 1489 1448 1529 caelo

288 1557 364 1604 865
395 1555 533 1592 Infelix
558 1555 666 1604 regio
697 1556 887 1605 rebusque
917 1556 1073 1593 inimica
1102 1555 1235 1593 futuris

393 1619 442 1658 Et
470 1620 563 1658 uitio
593 1620 757 1658 fecunda
786 1621 921 1667 nimis3
952 1633 1022 1658 nec
1052 1620 1143 1667 sola,
1175 1620 1243 1658 sed
1271 1620 1322 1657 illi

395 1685 470 1723 Par
499 1686 567 1724 erit
596 1685 758 1723 aduerso
787 1698 886 1735 quae
914 1685 1033 1735 fulget
1062 1686 1183 1724 sidere
1214 1686 1336 1732 sedes,

394 1750 533 1788 Iuncta
561 1752 632 1789 sub
662 1763 803 1788 occasu
818 1764 827 1796 ;
856 1763 931 1788 neu
960 1757 1126 1800 praestet
1152 1751 1307 1789 cardine
1336 1751 1484 1797 mundi,

394 1815 565 1866 Vtraque
595 1823 792 1865 praetenta
821 1816 936 1853 fertur
965 1816 1110 1854 deiecta
1139 1817 1259 1854 ruina.

287 1879 359 1930 si(y
377 1879 506 1930 0)dera
525 1888 600 1930 pro
629 1881 737 1918 tertia
770 1880 856 1918 Cus.
878 1894 896 1918 0
954 1883 1030 1918 868
1061 1894 1136 1919 neu
1171 1880 1308 1919 Gembl.
1339 1881 1448 1918 mss}
1482 1880 1570 1919 Cus.
1600 1895 1620 1919 0

232 1958 312 1983 non
341 1945 452 1983 Voss.2
498 1952 638 1995 prestet
661 1945 749 1984 Cus.
780 1945 891 1983 Voss.¹
928 1947 1058 1996 prestit
1088 1945 1200 1984 VosS.2
1238 1954 1405 1996 praestat
1431 1946 1568 1984 Gembl.

286 2010 389 2049 Dicit
408 2011 467 2048 hic
490 2010 672 2049 Manilius
693 2011 740 2048 de
760 2012 981 2061 regionibus
1001 2025 1070 2050 vm
1091 2025 1188 2062 quae
1208 2012 1426 2050 cardinibus
1446 2025 1484 2050 rv
1503 2013 1618 2050 inter-

231 2077 378 2126 positae
398 2077 544 2115 iacent:
575 2083 611 2114 et
631 2077 786 2127 quidem
806 2077 853 2115 de
875 2077 1105 2115 duodecima
1125 2091 1169 2116 ac
1191 2085 1306 2116 sexta.
1364 2077 1617 2124 Duodecima,

231 2154 254 2179 a
275 2154 426 2180 summo
448 2142 554 2180 caelo
573 2143 681 2180 tertia
701 2155 745 2180 ac
767 2155 880 2192 super
899 2149 1074 2181 exortum
1095 2144 1178 2190 sita,
1195 2143 1398 2181 aduersam
1418 2144 1488 2180 sibi
1504 2143 1619 2181 habet

231 2208 303 2245 sub
332 2219 472 2245 occasu
502 2214 670 2253 sextam;
705 2220 824 2257 quarn
854 2220 935 2245 rem
963 2208 1092 2246 uidere
1113 2215 1169 2246 est
1191 2209 1228 2245 in
1258 2207 1385 2245 tabula
1414 2221 1456 2245 111
1477 2207 1618 2246 Iacobi.

232 2272 342 2310 Haec
375 2272 563 2322 posterior
593 2273 709 2322 priori
739 2273 789 2310 illi
824 2273 1077 2311 duodecimae
1106 2274 1242 2312 dicitur
1275 2275 1412 2319 iuncta,
1443 2271 1508 2323 (cf.
1539 2275 1612 2320 871

230 2337 310 2374 lVec
331 2338 458 2375 melior
477 2344 588 2387 super
608 2350 767 2384 occasus,
787 2343 980 2387 contraque
1007 2339 1073 2376 sub
1094 2343 1178 2376 ortu
1200 2337 1293 2376 Sors
1312 2339 1444 2387 agitur
1472 2338 1618 2388 munde)

230 2403 320 2453 quia
339 2403 435 2440 inter
455 2414 494 2440 se
514 2409 649 2440 mutuo
670 2403 902 2452 respondent
922 2415 969 2440 ex
989 2404 1187 2441 contrariis
1207 2404 1376 2452 partibus
1392 2403 1498 2449 caeli,
1521 2404 1618 2442 sicut

230 2480 329 2517 quae
357 2475 534 2506 secuntur
559 2481 627 2505 vm
648 2476 684 2505 et
705 2481 754 2506 11:
785 2481 908 2518 neque
936 2469 1024 2507 ideo
1053 2469 1281 2507 duodecima
1301 2474 1466 2518 praestat
1487 2476 1616 2507 sextae

229 2533 336 2582 quod
369 2539 426 2571 est
455 2533 558 2571 iuxta
587 2533 783 2571 cardinem
814 2533 996 2572 Mercurii
1033 2534 1112 2572 siue
1149 2534 1423 2584 Horoscopon,
1457 2545 1505 2571 ex
1535 2544 1615 2583 quo
