1786 2878
861 120 893 152 V
1471 111 1549 165 169

157 234 195 267 et
206 226 349 276 Voss.¹,
372 227 546 278 suspicor
566 228 710 274 missas,
733 238 811 276 quo
832 226 933 263 idem
954 225 1189 263 uocabulum
1209 231 1264 263 ter
1285 225 1448 270 iteratur,
1470 237 1551 261 non

157 301 259 332 recte
285 294 464 332 traditum
491 300 632 331 extare.
698 293 835 330 Fuitne
866 294 982 329 zbzstat
1008 292 1069 329 uel
1095 293 1270 328 instans?
1325 290 1417 327 Non
1447 291 1550 327 enim

156 359 250 396 mihi
280 360 468 408 persuasit
504 358 674 408 Scaliger
702 358 792 395 leuis
825 358 931 395 exire
962 358 1015 394 sic
1050 357 1139 394 strui
1174 364 1214 393 ut
1253 357 1422 393 zbzdocz'lz's
1452 362 1552 404 pau-

148 425 286 474 periem
300 426 395 473 pali.
1014 415 1018 418 .

212 489 259 526 V.
284 491 358 526 168

321 555 390 592 Ille
419 561 556 604 potens
585 554 696 591 turba
725 553 951 603 perfundere
982 556 1118 593 †certa
1148 552 1322 602 pilarum.

215 619 328 658 Certa
358 621 520 658 codices.
581 619 764 668 Suspicor
792 619 1061 668 reponendum
1089 630 1172 655 esse
1202 630 1331 655 crura.
1388 616 1472 654 Iam
1498 617 1550 654 Π.

160 694 234 734 253
256 698 372 723 crura
392 686 431 722 in
450 689 577 722 contra
589 699 609 729 ,·
639 685 698 722 hic
723 685 762 722 in
782 690 892 730 certa,
914 690 955 721 ut
976 684 1156 734 equidem
1178 684 1342 721 arbitror
1363 695 1409 720 ex
1431 687 1550 729 curta,

155 756 275 797 cruta,
307 751 481 788 uitiatum
514 757 580 788 est.
652 750 842 799 Exemplo
882 750 928 787 sit
967 750 1093 787 nudus
1131 749 1191 786 ille
1229 749 1411 798 puerulus
1449 748 1552 797 apud

158 815 339 853 Richium
366 816 592 865 Companz‘on
621 820 655 853 lo
683 816 742 853 the
770 816 890 852 Latin
919 815 1144 863 Dictz'onczry
1172 828 1208 864 p.
1235 824 1325 861 502,
1347 813 1456 851 ‘who
1486 826 1552 851 ex-

157 881 271 919 hibits
300 881 394 919 feats
423 882 471 919 of
495 882 680 931 dexterity
705 881 795 919 with
824 894 848 918 a
880 882 1045 918 number
1074 880 1118 918 of
1146 880 1254 925 balls,
1284 880 1335 929 by
1364 879 1553 928 throwing

158 943 262 981 them
282 956 335 993 up
354 944 445 981 with
470 944 564 981 both
588 944 724 990 hands,
745 944 927 992 catching
953 943 1058 981 them
1085 955 1148 988 on,
1171 942 1247 979 and
1267 941 1426 991 making
1446 941 1552 978 them

157 1009 331 1046 rebound
358 1009 470 1055 from,
492 1010 555 1047 the
581 1010 689 1047 inner
715 1010 814 1060 joint
835 1009 878 1047 of
902 1009 964 1046 the
994 1009 1128 1055 elbow‚
1155 1008 1228 1057 leg,
1253 1007 1446 1052 forehead,
1475 1006 1553 1044 and

157 1074 292 1123 instep‚
315 1086 359 1112 so
379 1074 461 1112 that
488 1075 578 1124 they
598 1075 696 1124 keep
728 1075 887 1125 playing
916 1075 955 1111 in
981 1087 1004 1111 a
1035 1074 1267 1111 continuous
1295 1072 1405 1110 circle
1427 1071 1552 1110 round

157 1139 216 1177 his
236 1152 378 1189 person
399 1140 559 1178 without
581 1140 713 1190 falling
732 1147 771 1178 to
793 1141 855 1178 the
875 1138 1049 1189 ground!

212 1204 331 1242 Hune
359 1212 482 1242 totum
509 1206 636 1243 locum
658 1207 722 1256 qui
746 1212 802 1243 est
829 1206 876 1243 de
904 1206 990 1255 pilis
1019 1204 1168 1242 uidetur
1197 1203 1289 1241 mihi
1311 1203 1474 1241 Ouidius
1496 1215 1552 1240 re—

157 1270 328 1319 spexisse
352 1271 392 1307 in
419 1271 611 1308 Tristibus
627 1272 662 1308 ii.
687 1275 734 1318 48
741 1282 776 1319 5,
799 1273 820 1308 6
842 1270 938 1307 Ecce
957 1272 1060 1307 cans!
1071 1270 1229 1320 formas
1249 1270 1347 1306 alius
1367 1270 1553 1316 zkzclusque

148 1336 332 1383 pilarum,
354 1336 435 1372 Hic
453 1341 567 1373 artem
588 1338 710 1373 nandi
723 1338 914 1386 praeczpz'l
937 1337 996 1373 ille
1015 1336 1143 1372 trochi.
1202 1334 1321 1381 Quod
1340 1335 1461 1370 nandi
1485 1333 1552 1370 ad-

157 1400 279 1438 iunxit
300 1408 432 1447 artem,
454 1402 620 1439 eundem
646 1402 854 1439 Manilium
875 1408 963 1439 ante
993 1402 1127 1439 oculos
1148 1401 1277 1437 habuit
1293 1399 1340 1436 V.
1364 1412 1442 1445 420
1466 1411 1550 1448 sqq.

157 1465 257 1503 Vide
278 1479 377 1516 quae
398 1468 555 1505 disserui
577 1468 615 1504 in
636 1480 797 1506 censura
817 1468 903 1505 edit.
925 1467 1160 1506 Owenianae
1191 1465 1479 1503 Hermathenae
1502 1463 1551 1501 T.

157 1531 229 1568 xvi.
249 1544 286 1581 p.
312 1533 398 1580 196.

213 1596 263 1634 V.
287 1605 373 1645 170,
401 1607 470 1646 171

321 1663 374 1700 Vt
402 1670 528 1701 teneat
551 1670 679 1702 tantos
702 1665 826 1710 orbes,
848 1665 996 1714 sibique
1020 1664 1100 1714 ipse
1127 1662 1227 1714 (ipsa
1252 1660 1370 1714 codd.)
1396 1661 1550 1706 reludat,

319 1727 370 1766 Et
389 1729 492 1766 uelut
514 1729 672 1768 edoctos
696 1730 825 1768 iubeat
848 1731 1005 1768 uolitare
1035 1743 1104 1779 per
1132 1730 1268 1778 ipsum.

213 1792 253 1830 Si
273 1794 372 1831 orbes
391 1794 453 1832 hic
473 1795 641 1844 positum
662 1802 718 1833 est
744 1808 813 1845 pro
836 1796 922 1845 pilis
944 1795 997 1846 (et
1021 1795 1183 1840 uidetur,
1204 1806 1295 1831 nam
1316 1793 1366 1831 ita
1387 1793 1551 1842 denique

157 1860 272 1896 edocti
295 1860 452 1897 uolitare
480 1867 582 1898 recte
612 1861 806 1912 dicuntur)
830 1866 950 1898 tantos
976 1861 1110 1899 eadem
1140 1860 1417 1910 significatione
1445 1871 1550 1896 usur-

158 1931 291 1974 patum
319 1925 438 1963 habes
457 1938 534 1975 qua
560 1926 664 1976 apud
693 1927 912 1964 recentioris
939 1927 1025 1965 aeui
1051 1926 1264 1976 scriptores,
1289 1925 1325 1962 h.
1339 1938 1371 1963 e.
1392 1937 1464 1975 pro
1490 1929 1550 1963 lot.

160 1989 259 2028 Vide
280 2003 379 2040 quae
400 1992 582 2029 adnotaui
603 1992 651 2029 ad
671 1992 810 2029 Auiani
831 1992 923 2030 Fab.
944 2005 981 2029 x.
1004 2006 1038 2041 9.

213 2055 262 2094 V.
287 2065 374 2104 172,
399 2065 471 2105 173

321 2121 500 2172 Inuigilat
529 2123 687 2169 somnis,
718 2135 829 2161 curas
858 2124 1042 2161 industria
1071 2124 1214 2171 uincit3

323 2187 413 2225 Otia
432 2201 500 2237 per
518 2189 646 2225 uarios
666 2197 816 2227 exercet
840 2189 964 2227 dulcia
984 2189 1102 2228 lusus.

218 2262 289 2300 172
313 2254 472 2291 summis
502 2253 615 2291 Voss?

216 2318 284 2355 ‘Id
309 2319 492 2368 praedicit
518 2326 742 2357 euenturum
763 2326 854 2358 nato
879 2322 950 2358 sub
974 2321 1112 2370 lepore,
1133 2321 1221 2370 quia
1245 2320 1391 2370 lepores
1411 2320 1551 2369 apertis

159 2383 278 2421 oculis
298 2384 462 2422 dormire
483 2385 627 2433 solent‚’
649 2386 826 2425 Huetius.
883 2386 935 2424 At
960 2386 1155 2425 Bentleius
1175 2387 1354 2435 ‘Ergone
1374 2386 1554 2434 inmgilat

159 2450 296 2487 somnis
329 2450 430 2488 idem
462 2451 532 2488 erit
559 2452 663 2500 quod
697 2453 837 2501 uz'gz'lal
866 2455 906 2489 z'n
938 2455 1073 2490 somnis
1085 2456 1106 2490 ,ν’
1166 2452 1264 2499 Quis
1298 2451 1373 2489 hoc
1406 2449 1549 2489 ferat?'

161 2513 366 2566 Nusquam
389 2523 519 2555 tamen
547 2517 712 2555 Huetius
739 2518 791 2556 Sic
812 2517 1077 2568 interpretatus
1097 2524 1178 2565 est3
1213 2523 1362 2555 tantum
1383 2516 1550 2555 ostendit
