1786 2878
784 132 843 164 JV
1429 136 1510 179 119

122 237 244 275 maius
280 240 315 274 et
345 237 422 286 ipso
459 235 727 288 Naufragium
761 238 895 288 pelago
921 237 990 276 IV.
1014 240 1077 276 66.
1138 238 1250 277 Certe
1281 238 1511 288 triumphum

121 303 289 340 uniuersi
317 303 482 349 codices,
515 303 701 352 triumpho
730 315 779 341 ne
807 315 907 340 unus
936 303 1093 353 quidem
1122 310 1300 353 praestat.

175 368 250 405 Pro
270 369 418 418 szgnum
438 368 499 405 uel
508 368 634 417 figum
654 380 753 418 quae
774 368 814 405 in
830 367 985 406 Gembl.
1001 376 1039 419 et
1050 367 1180 408 Voss.2
1195 376 1291 414 sunt,
1308 368 1439 407 nescio
1460 381 1510 405 an

120 433 364 471 scribendum
384 433 429 471 sit
438 433 579 483 figunt,
602 445 655 471 sc.
676 434 741 483 qui
760 441 990 471 nascuntur:
1020 446 1091 484 pro
1106 433 1164 471 Et
1182 434 1415 484 reposuerim
1436 433 1510 471 Set.

120 498 204 536 Iam
225 499 337 536 dubia
354 499 489 548 figunt
504 499 725 548 praecordia
752 499 817 548 qui
843 500 1065 548 praecordia
1094 512 1175 537 non
1199 500 1274 536 fixa
1301 499 1443 537 habent
1472 500 1510 535 in

120 564 232 602 firmo
250 571 417 614 pectore,
434 564 501 602 sed
521 564 636 601 dubia
656 564 695 600 in
713 564 877 614 trepido,
893 565 996 603 uelut
1016 566 1087 603 sub
1108 565 1255 603 Haedis
1275 565 1354 602 nati
1370 565 1418 601 V.
1434 577 1508 612 109

119 631 262 667 lascz'ua
281 631 437 678 szssgnant
454 634 604 678 pectora
623 629 659 667 h.
676 642 708 667 e.
729 630 840 679 signa
859 630 922 668 uel
946 631 1155 680 imaginem
1175 631 1354 669 lasciuiae
1380 631 1511 667 animo

119 695 354 744 imprimunt,
375 695 454 732 siue
475 695 701 744 impressam
721 703 857 744 gerunt
876 696 1096 745 pectoribus
1117 696 1323 734 lasciuiam.
1379 694 1510 732 Dubia

120 773 210 798 cum
224 761 358 810 figunt
375 766 452 798 arte
474 760 662 806 cohaeret,
678 768 715 798 et
735 768 791 799 est
807 761 1005 811 quoddam
1022 761 1208 809 ὀξύμωρον,
1229 774 1310 799 non
1330 760 1510 798 dissimile

121 826 335 863 Homerico
371 826 440 862 οὐδ’
470 827 701 871 ἀλαοσκοπιὴν
729 824 824 873 εἶχε;
872 839 963 864 nam
992 827 1058 876 qui
1092 828 1197 864 ἀλαὸς
1229 832 1288 864 est
1322 825 1511 875 speculari

120 891 251 940 nequit
263 903 273 937 ;
307 892 433 941 itaque
459 892 546 937 ἀλαὴ
567 893 691 937 σκοπιὴ
711 903 928 940 oxymoron
949 899 1030 930 est:
1061 892 1108 929 de
1128 903 1204 941 qua
1223 903 1263 929 re
1287 891 1381 929 dixit
1402 890 1449 927 D.
1467 889 1510 928 B.

120 956 266 994 Monro
286 956 325 993 in
343 956 451 994 Actis
470 955 646 994 Philolol.
664 955 793 994 Oxon.
814 957 904 994 anni
929 959 1179 1006 1883-1884,
1200 969 1237 1007 p.
1261 969 1293 994 1.

174 1021 243 1060 IV.
272 1024 453 1059 180-182
477 1021 530 1060 sic
551 1028 681 1059 extant
701 1022 740 1059 in
761 1021 917 1060 Gembl.

282 1087 374 1125 Hoc
402 1087 519 1125 habet
546 1087 621 1125 hoc
650 1087 818 1125 studium
847 1088 981 1137 positis
1010 1099 1146 1126 ornare
1175 1085 1351 1137 superbis

280 1151 446 1190 Pellibus
475 1159 512 1190 et
540 1159 672 1202 captas
701 1153 881 1190 domibus
910 1153 1117 1203 praefigere
1147 1152 1308 1203 praedas

281 1218 332 1255 Et
359 1230 497 1268 pacare
527 1225 632 1255 metu
663 1217 777 1256 siluas
807 1225 844 1256 et
871 1219 1002 1256 uiuere
1030 1219 1163 1256 uictor.

179 1286 254 1323 180
275 1283 366 1321 Hoc
390 1291 479 1321 auet
505 1283 579 1321 hoc
604 1284 770 1321 studium
795 1291 851 1321 est
871 1284 1049 1333 Herz'nga
1074 1283 1264 1321 Obseruat.
1288 1281 1385 1321 Crz‘t.
1397 1289 1437 1331 p.
1462 1291 1507 1330 71

119 1354 153 1387 et
170 1356 286 1399 nuper
303 1348 511 1387 Breiterus.
557 1349 787 1386 Praeiuerat
808 1348 862 1387 Io.
884 1348 937 1386 Is.
957 1349 1155 1386 Fontanus
1174 1349 1227 1386 ad
1238 1347 1409 1385 Macrob.
1426 1347 1467 1385 S.
1488 1347 1511 1384 i.

120 1427 158 1464 p.
190 1417 265 1461 248
297 1415 456 1463 idemque
485 1416 558 1463 ipse
588 1415 847 1451 dc'uz'naueram
881 1414 1012 1464 positis
1039 1414 1128 1452 Cus.
1163 1412 1276 1451 Voss?
1304 1412 1423 1462 postis
1457 1413 1513 1449 bo

121 1480 290 1528 superbit
315 1479 520 1516 Brez'terus.
582 1483 652 1517 181
683 1479 861 1529 refrigere
885 1479 973 1518 Cus.
1036 1481 1107 1517 182
1134 1491 1273 1529 capare
1297 1477 1386 1516 Cus.
1408 1485 1513 1515 metu

120 1546 220 1583 codd.
240 1557 333 1583 arcu
352 1544 614 1582 Marklandus
634 1557 727 1582 ueru
746 1544 940 1582 Baehrens
992 1544 1098 1582 Num
1119 1545 1263 1582 manu?
1314 1543 1418 1581 uicto
1442 1543 1462 1580 b
1482 1548 1516 1580 et

120 1613 174 1648 sz'c
201 1624 283 1648 cum
312 1610 414 1648 Scal.
444 1615 479 1647 et
504 1609 738 1647 ,Marklando
771 1609 1021 1659 Rossbergius
1053 1611 1154 1648 uicto
1184 1622 1235 1646 an
1263 1609 1367 1646 uictu
1394 1610 1446 1646 sit
1472 1610 1512 1645 in

121 1690 140 1714 o
167 1689 275 1726 aegre
303 1677 532 1726 dzgnoscz'tur
561 1676 686 1714 uictor
714 1680 910 1714 reuocarat
938 1675 1079 1714 Carrio
1107 1676 1237 1724 Antz‘q.
1265 1675 1365 1712 Lect.
1388 1681 1430 1723 p.
1462 1684 1510 1722 27

121 1740 274 1793 (1576)-

176 1807 333 1856 Optime
352 1806 401 1845 de
419 1806 496 1845 hoc
515 1805 602 1845 loco
629 1806 803 1845 disseruit
822 1807 878 1845 Io.
902 1806 950 1844 Is.
973 1805 1172 1844 Pontanus
1200 1804 1249 1843 ad
1276 1803 1453 1842 Macrob.
1476 1804 1513 1842 S.

121 1873 151 1911 Ι.
172 1885 208 1923 p.
231 1874 307 1920 248
330 1877 338 1892 ‘
353 1872 546 1922 Scriptum
566 1872 627 1910 aio
650 1879 786 1921 poetae
807 1879 946 1921 pacare
966 1877 1069 1917 metu,
1090 1870 1452 1909 conuenientissime
1474 1870 1513 1906 in

120 1938 195 1976 hoc
214 1937 367 1984 animal,
383 1937 499 1988 quod,
513 1943 553 1974 ut
569 1937 663 1974 dixit
680 1936 916 1983 Macrobius,
932 1943 1099 1986 praestat
1118 1943 1254 1974 cetera.
1302 1935 1515 1984 Tyrannus

120 2004 224 2041 enim
244 2003 539 2052 dominatorque
560 2002 852 2052 quodammodo
872 2004 911 2039 in
931 2002 1093 2040 siluestri
1113 2002 1176 2039 illo
1197 2014 1241 2039 ac
1262 2008 1372 2038 uasto
1391 2012 1513 2048 regno

121 2076 190 2114 est,
219 2081 336 2118 quem
364 2068 527 2106 oderunt
561 2068 653 2105 dum
684 2074 874 2105 metuunt.
930 2067 1083 2105 Deinde
1111 2067 1208 2104 ridet
1237 2066 1361 2115 magis
1390 2067 1514 2101 uiuere

121 2135 248 2180 uictor,
268 2146 360 2171 nam
384 2134 423 2170 in
451 2133 600 2182 scriptis
626 2133 796 2182 intelligo
821 2145 905 2170 esse
932 2134 1038 2179 uicto,
1060 2145 1139 2170 non
1167 2136 1286 2181 rapto.
1344 2130 1513 2175 Plautus,

120 2201 257 2236 uirtute
275 2200 382 2236 dixit
399 2212 464 2236 uos
483 2200 635 2236 uictores
654 2200 777 2235 uiuere
797 2201 863 2235 &c.
875 2198 1080 2249 (Amphitr.
1097 2197 1198 2235 Prol.
1216 2196 1295 2247 75).
1333 2195 1511 2244 Denique

121 2265 207 2302 Hoc
227 2265 334 2302 habet
349 2263 461 2301 fuerit
480 2265 545 2301 hoc
564 2261 693 2300 hauet?

176 2329 300 2367 Valde
329 2329 504 2379 speciosa
533 2336 590 2366 est
619 2329 836 2367 coniectura
866 2328 1023 2366 Breiteri
1051 2328 1221 2378 superbit,
1254 2337 1330 2375 qua
1359 2331 1512 2373 recepta

122 2395 214 2432 nihil
245 2394 474 2432 difficultatis
505 2395 620 2431 habet
654 2394 912 2431 nominatiuus
942 2395 1068 2431 uictor.
1133 2392 1210 2430 Sed
1248 2403 1328 2428 non
1366 2389 1511 2426 idcirco

122 2472 254 2497 ueram
296 2460 414 2497 credo
427 2472 436 2506 ;
494 2472 586 2496 nam
630 2460 736 2496 locus
783 2458 889 2496 Statii
929 2458 1054 2496 Theb.
1094 2457 1166 2495 viii.
1203 2458 1279 2503 588
1319 2455 1513 2493 Praeterit

125 2526 227 2562 haud
260 2525 407 2562 dubium
439 2526 529 2575 falz'
562 2530 595 2562 et
629 2525 787 2573 spolzare
823 2523 985 2573 superbit
1025 2523 1175 2560 Oenides
1214 2522 1326 2558 aliam
1366 2519 1509 2568 signifi-
