1786 2878
759 158 826 188 [Ν
1437 151 1459 190 8
1463 163 1488 204 3

105 263 254 302 Manilii
268 264 434 303 carmine
456 263 659 314 purgando
679 276 759 300 non
771 263 942 300 inutilem
956 275 1081 313 neque
1102 263 1311 312 ignobilem
1332 275 1490 313 operam

103 330 237 368 Carrio
256 330 393 379 posuit,
415 329 471 366 uir
494 329 685 378 Scaligero
705 329 860 371 inuisus,
883 328 1079 378 neglectus
1101 329 1257 366 Iacobo.

156 395 228 434 III.
254 405 340 444 171,
364 408 396 432 2.
996 432 1000 435 .

264 460 455 499 Fortunae
483 460 667 510 conquire
696 459 825 497 locum
855 472 921 509 per
951 459 1075 497 sidera
1105 466 1242 498 cuncta

263 523 375 570 Quae
399 523 564 573 primum
594 534 682 571 pars
712 529 768 560 est
798 523 1012 560 numerosis
1043 523 1144 560 dicta
1173 524 1245 560 sub
1276 522 1397 560 athlis.

158 597 228 636 171
261 589 435 639 perquire
459 588 548 626 Cus.
580 586 691 625 Voss)
713 588 732 625 b
746 601 775 626 ο.
831 597 900 636 172
925 588 1050 637 primo
1070 589 1090 626 b
1104 602 1122 625 o
1143 589 1268 637 primu
1289 590 1348 625 uel
1365 588 1489 638 prium

110 653 223 691 Voss.2
243 666 405 692 numero
425 654 478 691 sic
498 667 516 691 o
537 666 698 691 numero
719 653 770 691 sis
795 653 884 691 Cus.
905 654 1020 691 ducta
1038 655 1090 691 ed.
1111 653 1280 703 chz'om.

153 732 189 757 u.
207 729 278 768 172
295 719 490 758 Bentleius
507 720 677 769 spurium
694 719 836 765 habuit,
853 732 941 757 cum
954 721 1221 769 praecessisset
1235 722 1284 769 96
1301 720 1491 758 Fortunae

98 797 179 822 sors
188 787 319 835 prima
339 787 427 823 data
446 790 506 832 est,
529 797 734 823 numerosa
763 792 891 822 autem
912 785 1015 823 athla
1041 799 1244 836 perperam
1265 787 1489 832 dicerentur,

99 863 198 900 quae
215 857 362 888 tantum
378 864 434 889 ΧΠ
447 858 584 888 essent.
621 850 782 900 Saepius
798 858 928 889 tamen
945 851 1040 889 solet
1055 851 1237 889 Manilius
1254 852 1306 889 sic
1321 859 1490 901 repetere

98 917 203 966 quod
223 924 310 954 ante
332 916 489 964 dixerat,
511 929 583 954 nec
602 918 806 953 numerosis
825 917 1042 954 necessario
1063 917 1111 954 ad
1125 929 1307 967 magnam
1321 918 1491 955 multitu-

97 982 227 1018 dinem
240 982 408 1028 refertur,
424 982 599 1032 quamuis
613 982 642 1018 I.
657 985 732 1031 383
750 995 941 1019 numerosa
957 982 1170 1029 sz'dera‚1V.
1187 996 1234 1031 92
1242 993 1262 1030 5
1281 996 1490 1021 numerosos

96 1048 194 1084 aeris
228 1060 379 1084 aceruos
412 1048 617 1086 uocauerit.
695 1047 756 1085 Sic
786 1047 915 1085 Niobe
950 1048 1086 1085 dicitur
1120 1047 1278 1085 Nemes.
1309 1049 1405 1098 Cyn.
1442 1058 1488 1096 15

94 1111 439 1163 qumerosoficnere
446 1118 592 1159 maesta,
603 1119 724 1150 mater
736 1113 941 1151 liberorum
949 1127 1029 1151 xlv:
1048 1114 1272 1151 adulescens
1285 1114 1490 1152 multarum

95 1179 230 1216 artium
258 1179 298 1215 in
327 1179 503 1228 Inscript.
525 1178 635 1218 Grut.
659 1181 750 1228 655.
774 1192 795 1227 3
819 1192 877 1228 ap.
899 1179 1170 1217 Forcellinium
1199 1193 1258 1217 res
1285 1193 1488 1226 numerosa,

95 1256 184 1282 cum
200 1256 223 1280 v
238 1250 385 1281 tantum
415 1251 636 1282 numeratae
657 1245 732 1282 sint
761 1251 859 1282 artes
881 1245 919 1281 in
940 1245 1080 1294 quibus
1101 1257 1140 1282 se
1163 1245 1355 1283 sollertem
1378 1258 1490 1295 prae-

95 1309 237 1347 stiterat
254 1321 261 1346 :
292 1310 344 1347 sic
360 1309 483 1347 Plinio
499 1322 691 1347 numerosa
706 1309 841 1347 dicitur
862 1322 1013 1347 summa
1027 1323 1079 1348 ΧΠ
1095 1317 1300 1348 uentorum
1318 1311 1371 1348 H.
1388 1310 1437 1347 N.
1453 1311 1489 1348 ii.

99 1386 114 1411 1
128 1388 184 1423 19.
222 1375 273 1413 Et
293 1382 424 1412 nostro
437 1375 592 1425 quidem
613 1375 702 1413 loco
719 1376 884 1424 respexit
901 1375 1083 1412 Manilius
1105 1376 1153 1413 ad
1174 1376 1331 1425 longam
1353 1376 1488 1413 seriem

94 1452 170 1489 qua
217 1453 271 1478 ΧΠ
318 1440 419 1478 athla
465 1441 537 1477 alia
575 1448 662 1489 post
695 1441 797 1478 aliud
845 1441 1106 1490 explicantur:
1155 1453 1257 1490 quae
1295 1442 1409 1479 series
1457 1442 1487 1479 si

94 1517 228 1543 uersus
248 1518 327 1543 non
351 1506 475 1542 minus
496 1506 694 1554 sexaginta
715 1512 893 1555 quattuor
920 1507 1158 1556 consumpsit
1181 1506 1386 1557 (96-159),
1409 1519 1487 1544 non

97 1571 286 1609 immerito
305 1584 499 1608 numerosa
518 1571 696 1608 uocanda
715 1578 806 1617 erat,
827 1572 1076 1621 sequentibus
1106 1572 1276 1609 numeris
1297 1579 1485 1622 perpetuo

96 1636 232 1674 ordine
261 1649 283 1674 a
306 1637 431 1686 primo
461 1648 582 1685 usque
617 1636 666 1673 ad
693 1636 978 1674 duodecimum.
1035 1638 1097 1674 Ad
1123 1644 1350 1675 structuram
1380 1637 1485 1687 quod

94 1702 237 1748 attinet,
258 1702 376 1740 uerba
405 1702 457 1740 sic
480 1702 640 1751 iunges:
671 1703 787 1739 locum
808 1701 999 1739 Fortunae
1019 1716 1109 1751 quae
1120 1710 1218 1751 pars
1246 1708 1299 1739 esl
1319 1705 1485 1752 primum

92 1768 190 1804 dicta
218 1766 285 1805 sub
314 1769 516 1805 numerosis
544 1768 666 1814 alhlzs,
689 1767 724 1804 h.
743 1780 774 1805 e.
797 1768 943 1806 inclusa
973 1769 1044 1806 sub
1074 1768 1191 1817 longa
1221 1768 1485 1806 numeratione

90 1845 144 1870 ΧΠ
164 1832 365 1871 athlorum.

146 1898 220 1936 ΙΙΙ,
245 1909 332 1947 195.

257 1964 295 2002 Si
324 1965 408 2015 quis
439 1964 507 2002 erit
535 1964 599 2014 qui
630 1970 709 2001 tum
740 1971 915 2002 materno
946 1966 1152 2003 excesserit
1182 1964 1282 2011 aluo,

92 2034 257 2067 materno
285 2030 436 2068 codices
459 2042 618 2068 omnes:
652 2042 777 2078 neque
808 2037 864 2068 est
885 2043 951 2068 cur
981 2031 1142 2069 Manilio
1163 2031 1200 2068 id
1229 2043 1308 2068 non
1338 2031 1484 2068 licuerit

91 2095 208 2144 quod,
247 2102 289 2133 ut
327 2095 417 2132 nihil
456 2095 583 2132 dicam
617 2096 664 2133 de
703 2096 838 2133 Plauto
878 2096 1032 2146 (Pseud.
1064 2096 1161 2147 823)
1194 2096 1344 2134 Catone
1378 2097 1483 2133 Attio

92 2160 270 2207 Laberio,
298 2161 401 2199 licuit
425 2161 540 2198 etiam
563 2161 850 2208 recentioribus,
880 2162 1003 2199 Caluo
1031 2175 1090 2211 ap.
1113 2162 1258 2200 Charis.
1282 2162 1327 2198 61
1348 2166 1484 2210 partus

86 2227 251 2275 grauido
261 2227 440 2276 portabat
457 2227 496 2263 z'n
516 2227 610 2272 aluo,
639 2227 781 2264 Heluio
803 2226 951 2265 Cinnae
973 2226 1136 2279 (Charis.
1159 2230 1221 2273 61,
1249 2227 1364 2265 Prisc.
1388 2226 1482 2276 718)

91 2292 149 2329 At
175 2293 288 2329 scelus
317 2293 448 2329 incesto
470 2291 662 2329 Zmurnae
689 2293 869 2330 crescebat
895 2295 934 2329 z'n
963 2294 1060 2339 aluo,
1082 2293 1320 2331 Columellae
1345 2305 1380 2330 x.
1408 2295 1480 2339 146

89 2356 249 2394 Florida
277 2371 359 2395 cum
378 2358 514 2395 suboles
542 2362 706 2394 materno
725 2359 892 2406 pullulat
918 2360 1002 2396 aluo
1023 2358 1086 2409 (al.
1106 2358 1227 2408 aruo).
1287 2357 1345 2395 Cf.
1368 2357 1481 2395 Neuii

90 2422 351 2460 Formenlehr.
381 2423 403 2460 i.
428 2436 463 2472 p.
486 2425 562 2471 677
594 2423 652 2460 ed.
681 2436 713 2468 2,
745 2423 960 2473 Nettleship
993 2424 1270 2462 Conlrz'bulz'ons
1299 2429 1333 2460 lo
1362 2423 1480 2460 Latin

88 2488 379 2538 Lexzkograplff
403 2496 441 2538 p.
476 2490 563 2535 146.
634 2489 734 2527 Sane
770 2502 847 2527 non
883 2490 1008 2528 minus
1042 2491 1214 2527 obscurae
1249 2491 1482 2526 auclorz'lalz's

92 2552 274 2591 Manilius
294 2554 361 2592 fuit
381 2566 498 2604 quarn
520 2555 550 2592 is
570 2555 677 2592 cuius
698 2555 925 2593 uersiculum
949 2556 1100 2594 Nonius
1122 2556 1249 2593 citauit
1270 2568 1314 2602 19
1322 2568 1341 2602 3
1364 2554 1479 2592 Mafa

758 2632 782 2657 G
808 2634 825 2656 2
