1786 2878
850 125 883 156 V
1475 126 1554 171 175

157 231 312 271 leonem
337 231 506 271 referunt
531 231 602 270 sub
622 230 756 269 Leone
781 231 871 269 nati.
929 230 988 270 Cf.
1007 230 1169 282 Woltjer
1188 232 1229 269 de
1247 230 1415 270 fllantlto
1431 238 1552 281 poeta,

158 310 198 347 p.
219 300 282 345 56.

214 363 262 401 V.
286 375 362 411 230
1011 414 1015 418 ᾗ

322 427 613 478 Effunduntque
642 439 731 465 suas
760 439 948 465 concesso
978 427 1014 464 in
1046 428 1185 465 robore
1214 427 1404 466 flammas.

158 510 452 560 Etfunduntque
481 508 598 548 Voss.2

216 575 379 625 Corpore
407 576 573 613 Iacobus
601 588 647 613 ex
668 573 810 621 Voss.²,
830 575 895 612 uix
916 581 1042 613 recte:
1079 575 1205 612 robore
1230 581 1267 613 et
1290 574 1365 613 hoc
1390 575 1492 614 ualet
1519 583 1557 614 et

159 642 308 679 accedit
337 641 564 690 significatio
597 641 747 687 uirium,
779 641 856 678 h.e.
891 641 1029 690 quouis
1060 641 1188 679 ualido
1219 653 1392 691 corpore,
1428 643 1557 691 qualia

159 714 245 745 sunt
265 707 422 745 leonum
441 713 479 744 et
499 718 679 757 aprorum
700 704 807 756 (228,
831 707 937 757 229).
995 706 1071 744 Sed
1091 719 1139 743 ex
1165 706 1306 744 eodem
1326 706 1458 745 Voss.2
1478 707 1556 746 for-

157 780 259 811 tasse
289 772 550 810 reuocandum
583 778 663 809 erat
691 771 925 822 chundzmt,
957 772 1055 809 sieut
1085 772 1170 810 Cul.
1198 782 1274 821 274
1304 772 1558 823 chossasque

158 850 229 887 pro
249 838 519 889 Necsossasque
539 837 730 875 codicum.

213 903 261 941 V.
286 913 360 952 235
383 903 436 941 sic
455 909 558 941 extat
578 903 618 939 in
639 902 792 941 Gembl.

321 980 535 1029 Ceteraque
565 980 705 1017 auratis
735 980 854 1029 surgit
884 979 1029 1018 celatus
1060 980 1109 1017 ab
1139 981 1260 1018 astris.

211 1063 289 1101 Pro
313 1062 509 1112 Ceteraque
529 1062 634 1112 quod
653 1062 824 1112 plerique
852 1062 891 1099 in
915 1062 1051 1100 Crater
1070 1063 1131 1100 uel
1154 1062 1358 1112 Craterqzce
1377 1076 1556 1103 correxe-

157 1135 256 1175 runt,
278 1128 468 1166 Breiterus
492 1127 655 1166 Cratera
685 1129 889 1174 substituit,
920 1128 1053 1166 nescio
1082 1141 1132 1165 an
1163 1136 1286 1176 reete3
1323 1142 1413 1166 nam
1443 1127 1555 1182 c(a)e-

157 1195 256 1232 latus
286 1195 331 1232 ab
363 1195 478 1231 astris
510 1193 617 1231 facile
652 1206 700 1232 ex
731 1195 871 1231 caelata
901 1194 968 1231 sub
1006 1195 1124 1231 astris
1158 1194 1359 1244 deprauari
1393 1203 1553 1245 poterat,

158 1261 266 1298 cuius
305 1259 442 1298 similia
480 1271 559 1296 non
597 1271 723 1308 pauca
760 1259 876 1297 habet
914 1259 1113 1306 Manilius,
1144 1271 1175 1296 e.
1190 1272 1228 1308 g.
1258 1260 1289 1297 Ι.
1322 1262 1398 1307 845
1429 1261 1555 1299 Hirta

146 1327 359 1376 figurantis
387 1326 542 1362 tremulo
577 1325 643 1362 sub
674 1327 810 1362 lumine
840 1332 984 1371 menta3
1020 1325 1067 1363 cf.
1101 1325 1234 1362 Iacobi
1269 1326 1445 1363 Indicem
1480 1339 1554 1365 s.u.

157 1391 249 1429 Sub.
299 1391 375 1429 Sed
391 1391 483 1427 alias
494 1395 617 1427 crater
632 1390 888 1428 masculinum
907 1391 1105 1440 usurpauit
1125 1398 1266 1437 noster,
1280 1391 1328 1430 V.
1353 1404 1429 1439 250
1448 1392 1488 1428 T
1481 1394 1555 1429 alz's

156 1457 298 1506 effuget
314 1461 437 1493 crater
456 1458 596 1493 umoris
616 1460 769 1502 amator,
793 1456 822 1493 Ι.
845 1465 919 1504 417
943 1461 975 1493 el
993 1470 1067 1493 una
1086 1461 1226 1505 gratus
1245 1455 1378 1494 Iaccho
1404 1456 1553 1496 Crater.

159 1522 244 1560 Nec
263 1529 393 1560 tamen
408 1522 448 1558 in
467 1521 629 1559 Manilio
651 1522 776 1559 solum
797 1522 850 1559 sic
867 1522 1052 1560 fluctuant
1069 1522 1244 1560 codices:
1277 1534 1369 1560 nam
1390 1523 1429 1559 in
1450 1523 1554 1561 Mar-

157 1588 263 1626 tiano
298 1587 456 1637 Capella
493 1599 540 1624 ex
578 1587 870 1636 Eyssenhardtii
908 1588 968 1625 ed.
1008 1588 1178 1636 intelligo
1216 1593 1401 1625 crateram
1439 1601 1553 1627 accu-

158 1653 323 1691 satiuum
370 1653 509 1690 habere
553 1653 640 1690 cod.
682 1652 1013 1702 Bambergensem
1057 1655 1147 1702 829,
1190 1653 1553 1692 Reichenauensem

159 1720 249 1766 841,
285 1723 432 1756 cratera
471 1718 753 1756 nominatiuum
791 1718 926 1756 Bamb.
965 1731 1015 1756 m.
1057 1731 1112 1768 pr.
1153 1720 1203 1766 84
1209 1732 1244 1767 3,
1283 1720 1462 1768 quamuis
1502 1720 1554 1757 ibi

157 1783 480 1834 Eyssenhardtius
510 1788 645 1830 crater,
674 1790 716 1821 ut
744 1784 784 1821 in
816 1786 907 1834 838,
936 1784 1105 1822 ediderit.
1163 1785 1438 1822 Accusatiuum
1467 1799 1553 1823 cra-

157 1854 285 1895 teram,
305 1849 513 1887 ablatiuum
533 1853 679 1886 cratera
699 1850 897 1899 usurpauit
919 1849 1174 1888 Germanicus
1194 1849 1298 1887 Arat.
1321 1859 1411 1899 505,
1434 1852 1524 1891 620.

212 1915 261 1953 V.
284 1917 371 1964 238,
395 1928 470 1963 239
492 1915 545 1953 sie
567 1922 696 1953 extant
716 1915 755 1952 in
775 1915 929 1954 Gembl.

320 1992 372 2029 Et
399 1998 436 2030 te
465 1991 587 2029 bache
617 1999 704 2030 tuos
733 1993 945 2031 nubentem
973 1992 1096 2042 iungit
1125 1992 1175 2030 ad
1204 1992 1328 2031 ulmos

320 2057 590 2108 Disponetque
619 2058 717 2107 iugis

161 2143 236 2191 238
257 2148 344 2179 tuos
361 2141 495 2178 codices
501 2145 655 2190 praeter
677 2139 790 2179 Voss,²
801 2146 835 2178 et
847 2141 867 2179 b
904 2148 989 2180 tuas
1012 2140 1113 2179 Voss2
1126 2142 1190 2179 etb
1229 2142 1351 2191 iungit
1375 2142 1487 2180 Voss)
1501 2156 1519 2179 o
1533 2143 1554 2180 b

158 2207 290 2256 iunget
306 2206 488 2255 Scaliger.
536 2219 611 2254 239
634 2206 875 2255 Disponetue
904 2206 1017 2244 Voss.2

214 2272 315 2310 Cum
344 2272 419 2310 hoc
448 2272 535 2310 loco
564 2272 849 2321 comparandus
879 2280 937 2310 est
963 2285 1094 2311 uersus
1115 2274 1252 2312 Catulli
1279 2274 1353 2311 lxii.
1376 2283 1424 2321 54
1446 2273 1504 2310 At
1519 2274 1559 2311 sz'

143 2338 252 2387 forte
266 2338 384 2374 eadem
398 2343 451 2374 est
462 2339 558 2375 ulmo
573 2340 763 2375 coniuncta
779 2339 913 2375 marito
925 2352 944 2382 ,·
971 2339 1010 2375 in
1025 2346 1187 2389 utroque
1204 2340 1307 2377 enim
1328 2339 1413 2376 uitis
1432 2339 1551 2385 ulmo,

158 2409 343 2451 tanquam
372 2403 510 2440 marito
539 2403 692 2449 femina,
724 2403 862 2441 dicitur
890 2405 1008 2454 iungi.
1078 2405 1129 2442 Et
1159 2406 1234 2443 hoc
1265 2411 1322 2442 est
1356 2416 1422 2442 cur
1451 2416 1552 2442 mas-

159 2468 288 2506 culino
326 2481 466 2517 genere
504 2476 541 2507 et
578 2474 658 2506 tuos
697 2469 881 2507 Manilius
920 2477 956 2507 et
995 2472 1127 2508 marito
1163 2470 1333 2508 Catullus
1371 2471 1552 2519 posuerit.

161 2531 265 2572 Nam
284 2536 405 2574 ulmus
423 2547 502 2574 non
522 2536 750 2574 femininum
771 2536 890 2575 modo
910 2536 1060 2575 uidetur
1074 2536 1201 2583 fuisse,
1216 2537 1284 2575 sed
1303 2542 1345 2575 ut
1360 2543 1554 2586 cupressus
