1786 2878
861 106 894 137 V
1489 107 1565 136 201

171 213 314 263 garitzs
341 213 502 262 triginta
530 213 612 259 tris,
643 217 795 250 montem
825 225 978 250 aureum
1007 212 1231 261 quadratum
1261 223 1342 248 cum
1382 211 1501 247 seruis
1539 214 1574 247 et

175 279 332 316 leonibus
351 283 385 316 et
392 279 516 328 pomis
535 279 651 316 omnis
661 279 810 327 generis
828 278 1058 315 circumdata
1074 278 1145 313 uite
1159 289 1285 322 aurea,
1309 288 1494 312 musaeum
1519 288 1570 312 ex

175 345 400 393 margaritis
412 345 451 381 in
465 345 570 382 cuius
574 344 744 394 fastigio
758 344 995 393 horologium.
1036 342 1141 379 Erat
1152 347 1185 378 et
1195 343 1315 390 imago
1333 340 1402 378 Cn.
1416 341 1576 389 Pompei

174 422 191 445 e
211 411 445 458 margaritis,
467 411 533 446 illa
559 410 709 446 relicino
729 409 861 446 honore
881 409 1134 457 grata,'illius
1154 407 1272 456 probi
1297 408 1372 443 oris
1392 419 1571 442 ueneran-

174 475 280 523 dique
298 482 372 524 per
399 480 549 512 cunctas
572 476 704 525 gentis,
732 475 811 521 illa,
841 475 1004 523 inquam,
1034 486 1084 510 ex
1114 473 1348 521 margaritis,
1379 473 1571 508 seueritate

173 541 274 576 uicta
306 545 341 577 et
371 542 513 578 ueriore
545 541 725 578 luxuriae
757 541 954 588 triumpho.
1025 538 1245 587 qumquam
1277 537 1444 588 profecto
1475 538 1571 573 inter

173 606 258 642 illos
277 607 380 643 uiros
399 607 570 644 durasset
586 618 775 655 cognomen
794 604 948 654 Magni,
970 606 1009 642 si
1025 606 1155 653 prima
1180 605 1339 640 uictoria
1362 605 1415 640 sic
1434 604 1569 639 trium-

163 670 350 719 phasset!
377 685 394 708 e
412 672 648 720 margaritis,
668 670 825 720 Magne,
845 676 919 707 tam
936 671 1102 719 prodiga
1122 683 1161 706 re
1184 674 1217 706 et
1228 669 1392 718 fi‘minzs
1411 672 1567 717 reperta,

173 748 267 783 quas
281 749 411 784 gerere
429 745 460 774 te
472 737 550 787 fas
568 749 639 773 non
662 738 722 782 sit,
743 737 830 773 hinc
846 737 945 786 fieri
961 741 1041 772 tuos
1061 737 1181 772 uoltus
1193 737 1214 771 τ’
1245 736 1298 772 sic
1316 738 1347 770 te
1368 735 1569 783 pretiosum

172 801 328 838 uideri?
354 815 426 839 non
445 815 531 851 ergo
550 803 617 839 illa
644 806 709 839 tua
734 803 897 839 similior
915 806 968 839 est
984 803 1105 850 imago
1130 813 1240 850 quam
1260 800 1452 849 Pyrenaei
1468 800 1570 848 iugis

174 866 375 914 inposuisti
382 870 403 904 Ρ

227 931 276 968 V.
297 941 376 980 520
397 945 480 983 sqq.
502 934 555 971 sic
577 933 704 971 traditi
725 940 814 971 sunt
834 933 873 971 in
895 932 1047 971 Gembl.
1069 939 1104 969 et
1124 932 1277 982 reliquis

336 997 440 1044 Quid
468 999 596 1048 potius
625 1007 802 1037 matrona
831 999 923 1036 uelit
952 1005 1111 1036 tractare
1141 1006 1293 1035 creatos

335 1063 467 1110 Quam
494 1063 639 1102 factum
668 1076 852 1102 reuocare
882 1077 973 1102 suos
1003 1064 1109 1113 quod
1137 1064 1258 1112 possit
1286 1062 1336 1100 ad
1364 1063 1485 1101 usus?

333 1129 392 1167 Ac
421 1142 471 1166 ne
499 1130 676 1168 materies
706 1131 770 1167 tali
800 1131 873 1167 sub
902 1142 1064 1166 munere
1094 1129 1190 1166 desit

333 1194 531 1241 Quaerere
561 1196 633 1233 sub
663 1197 770 1233 terris
799 1208 934 1233 aurum
963 1195 1141 1245 furtoque
1170 1195 1352 1231 latentem

333 1259 523 1298 Naturam
552 1274 684 1299 eruere
714 1263 962 1311 ’rorbemque
992 1262 1182 1298 inuertere
1211 1259 1416 1309 †praedae

227 1335 304 1373 525
326 1325 507 1375 Imperat.

171 1390 290 1429 Hunc
328 1391 458 1429 locum
497 1392 762 1430 difficillimum
801 1391 853 1430 sic
891 1404 995 1430 nunc
1026 1392 1263 1441 interpretor,
1299 1390 1415 1440 paulo
1454 1402 1565 1428 secus

171 1468 216 1493 ac
246 1457 352 1506 prius
381 1457 421 1493 in
451 1457 556 1495 Diar.
586 1458 721 1496 Philol.
743 1457 1054 1507 Cantabrigiensi
1082 1470 1142 1495 xv.
1174 1469 1211 1506 p.
1242 1470 1262 1505 3
1294 1456 1565 1494 intellexeram.

175 1520 278 1568 Quid
307 1527 478 1559 matrona
508 1523 630 1572 qualis
668 1530 748 1560 erat
779 1523 966 1571 Cassiope
1001 1524 1130 1572 potius
1157 1527 1321 1559 tractare
1349 1522 1439 1558 uelit
1465 1528 1566 1558 trac-

170 1587 310 1625 tandos
337 1588 409 1625 sibi
435 1589 562 1637 potius
586 1596 711 1626 sumat
736 1593 877 1625 creatos
902 1588 1046 1638 lapides
1071 1600 1117 1626 ea
1146 1588 1374 1626 condicione
1395 1599 1471 1637 qua
1498 1599 1566 1624 eos

170 1660 306 1690 natura
341 1654 484 1690 creauit
517 1667 628 1702 quam
665 1655 765 1703 quod
794 1665 911 1703 quam
950 1654 1091 1703 aliquid
1125 1653 1231 1703 quod
1265 1654 1388 1703 possit
1407 1654 1564 1701 factum

169 1730 288 1755 manu
331 1717 475 1756 sactum
517 1726 554 1757 et
596 1728 676 1757 arte
716 1719 929 1769 expolitum
972 1732 1142 1756 reuocare
1179 1732 1263 1756 suos
1301 1720 1354 1755 ad
1387 1731 1477 1755 usus
1516 1717 1565 1754 ad

169 1784 360 1821 lenocinia
398 1784 545 1822 formae
584 1785 792 1823 adhibere?
848 1785 977 1835 Atque
1008 1785 1144 1822 eadem
1170 1784 1371 1834 Cassiope,
1403 1797 1446 1821 ne
1475 1784 1568 1820 desit

170 1850 337 1887 materies
374 1851 586 1888 substantia
623 1852 696 1888 tali
728 1850 795 1888 sub
834 1864 981 1888 munere
1024 1851 1088 1888 tali
1132 1851 1238 1889 dono
1276 1861 1420 1895 comes,
1459 1850 1566 1887 iubet

174 1912 358 1961 Quaerere
393 1916 461 1953 sub
493 1917 608 1953 terris
645 1929 782 1953 aurum
819 1921 854 1953 et
872 1916 991 1966 furto
1024 1929 1131 1954 more
1169 1915 1328 1953 furantis
1363 1927 1462 1965 quae
1496 1927 1566 1953 sua

169 1991 251 2018 non
271 1988 360 2018 sunt
379 1994 503 2018 eruere
521 1986 697 2018 naturam
718 1994 876 2019 ornnem
901 1987 1007 2031 atque
1030 1982 1149 2019 orbem
1179 1988 1299 2019 terrae
1329 1982 1564 2018 interuertere

169 2046 333 2095 spoliare
354 2048 520 2096 praedae
540 2047 579 2083 in
599 2047 765 2096 praedae
786 2060 889 2084 usus.

224 2110 302 2149 Hic
341 2112 446 2162 quod
485 2124 566 2150 non
609 2118 650 2149 ut
688 2120 775 2162 post
813 2112 1041 2150 Geuartium
1082 2113 1253 2163 plerique
1292 2119 1328 2150 et
1366 2111 1563 2149 Bentleius

169 2181 308 2214 creatos
341 2177 569 2227 interpretor
600 2185 748 2215 creatos
778 2190 817 2215 se
854 2178 933 2216 siue
965 2190 1035 2217 suo
1069 2179 1193 2216 sidere
1232 2178 1267 2215 h.
1282 2191 1314 2216 e.
1347 2185 1460 2215 natos
1492 2178 1563 2214 sub

171 2242 373 2292 Cassiopa,
404 2244 514 2281 rebar
552 2244 606 2281 sic
636 2244 783 2293 opponi
812 2244 910 2281 inter
939 2257 979 2282 se
1009 2249 1148 2282 creatos
1177 2243 1369 2295 (lapides),
1396 2243 1562 2295 factum,

169 2315 211 2346 ut
243 2316 378 2346 natura
409 2316 538 2347 creata
569 2316 648 2347 arte
680 2309 798 2347 factis.
870 2309 932 2347 Sic
960 2310 1095 2349 Cicero
1125 2311 1173 2348 de
1202 2310 1307 2348 Orat.
1337 2310 1371 2346 ii.
1398 2320 1459 2357 54.
1487 2322 1561 2357 219

169 2381 290 2411 artem
322 2386 524 2424 opponens
563 2382 718 2412 naturae
753 2375 843 2412 dicit
881 2380 1020 2413 natura
1049 2376 1173 2426 fingit
1202 2376 1362 2413 homines
1399 2380 1433 2411 et
1463 2379 1566 2412 creat

169 2440 369 2476 imitatores
394 2445 427 2477 et
454 2445 670 2478 narratores
682 2441 829 2490 facetos
854 2445 888 2478 et
908 2443 1013 2478 uultu
1039 2443 1239 2479 adiuuante
1265 2446 1298 2478 et
1319 2454 1401 2478 uoce
1426 2445 1461 2477 et
1483 2442 1561 2490 ipso

163 2517 296 2554 genere
328 2508 503 2544 sermonis
515 2520 534 2550 ,·
574 2511 649 2544 tum
680 2520 766 2544 uero
796 2508 835 2544 in
867 2507 932 2545 hoc
961 2509 1074 2546 altero
1102 2508 1311 2545 dicacitatis
1340 2507 1432 2556 quid
1460 2506 1566 2544 lzabct
