1786 2878
834 147 864 177 V
1460 140 1538 180 161

152 250 339 302 (passiue)
371 252 568 303 Syracusis
597 265 771 303 mergere
801 253 836 290 h.
858 265 889 290 e.
917 265 1073 303 pessum
1103 253 1193 291 dare
1220 253 1404 292 Athenas.
1463 253 1542 292 Sed

150 318 237 355 uide
259 317 516 356 Thomasium
537 318 586 356 de
606 318 679 357 hoc
701 319 787 358 loco
807 318 1059 357 disserentem
1082 318 1289 357 Lucubrat.
1311 333 1347 369 p.
1372 321 1407 356 8.

204 400 252 439 V·
277 410 326 449 53
737 454 869 486 fortuna

313 505 350 536 et
379 498 418 536 in
446 505 568 548 ponto
599 499 693 537 caeli
723 511 860 537 secura
888 500 1046 537 natabit.

151 585 214 624 Sic
257 586 411 625 Gembl.
440 587 547 637 quod
584 599 663 625 non
702 587 833 625 inutile
867 588 935 624 erit
969 594 1134 634 notasse,
1171 595 1212 626 ut
1252 589 1344 627 alias
1367 589 1540 640 fortuna

148 657 300 699 natura,
321 653 375 691 sic
395 653 456 691 hic
461 653 642 704 fortuna,
662 666 791 690 secura
812 654 1031 703 permutari.

203 740 251 778 V.
274 750 322 789 57

313 818 389 856 Sed
418 821 600 860 †summa
628 818 754 857 lateris
784 831 946 868 surgens
976 818 1023 856 de
1053 826 1160 868 parte
1190 820 1333 857 sinistri

311 883 507 922 Maximus
537 883 671 922 Orion.

149 960 212 998 Sic
232 961 385 998 codices
405 967 556 1010 praeter
571 959 703 998 Voss.²
722 961 787 1011 qui
806 966 841 998 el
856 962 941 998 deus
961 963 1197 998 malaterrrz's
1217 961 1342 1007 habet,
1361 961 1542 1011 idemque

147 1026 223 1063 fere
240 1027 312 1063 sub
326 1038 459 1063 rasura
475 1025 684 1076 Lipsiensis
704 1034 902 1064 exaratum
918 1026 1034 1064 fuisse
1047 1033 1203 1064 testatur
1216 1027 1395 1065 Iacobus.
1436 1027 1541 1065 Hinc

146 1093 285 1129 decima
306 1092 471 1130 correxit
493 1091 700 1139 Bentleius,
722 1092 816 1130 haec
842 1093 1033 1130 adnotans
1056 1094 1249 1142 ‘sequitur
1272 1093 1375 1130 enim
1400 1099 1488 1142 post
1508 1094 1543 1130 iv

146 1165 274 1207 partes
293 1158 332 1195 in
360 1170 475 1196 uersu
505 1171 566 1207 39,
589 1170 682 1196 mox
709 1171 822 1195 uersu
848 1161 895 1206 67
918 1171 1007 1207 pars
1030 1171 1089 1205 xv,
1112 1166 1149 1196 et
1176 1171 1291 1196 uersu
1316 1171 1387 1196 102
1419 1172 1482 1206 xx,
1506 1166 1543 1196 et

146 1235 261 1260 uersu
286 1225 358 1260 118
381 1224 494 1270 xxvii,
517 1231 554 1261 et
583 1236 698 1261 uersu
723 1226 795 1261 128
826 1224 970 1261 ultima.
1028 1224 1218 1261 Firmicus
1247 1225 1362 1262 etiam
1391 1225 1541 1269 decima,

147 1296 305 1327 notante
334 1289 540 1338 Scaligero.
598 1290 703 1327 Inter
731 1289 767 1325 iv
799 1296 836 1327 et
866 1302 915 1326 xv
949 1296 1049 1327 recte
1083 1290 1188 1327 uenit
1222 1289 1382 1326 decima?
1430 1289 1541 1326 Iam¹

147 1354 333 1393 HUETan
349 1355 387 1391 in
400 1355 813 1392 Animaduersionibus
829 1367 924 1404 quas
940 1355 1110 1393 ediderat
1125 1356 1164 1392 in
1177 1355 1359 1404 Delphini
1376 1355 1542 1393 editione

147 1419 296 1457 Manilii
325 1432 358 1457 a.
385 1421 484 1468 1679
514 1420 611 1458 haec
643 1420 844 1468 scripserat
870 1424 983 1457 ‘curn
1013 1433 1108 1458 uero
1139 1421 1328 1458 censuerit
1358 1420 1540 1458 Manilius

147 1498 239 1522 cum
258 1492 392 1535 quarta
405 1486 542 1523 Arietis
564 1492 669 1534 parte
687 1485 827 1523 Nauim
849 1487 1124 1532 συνανατέλλειν,
1139 1499 1227 1523 cum
1244 1487 1394 1524 decima
1410 1487 1542 1536 quinta

146 1552 345 1601 Aurigam,
390 1558 505 1601 atque
550 1552 647 1589 inter
686 1558 889 1601 utramque
931 1559 1078 1600 partem
1118 1551 1307 1589 Orionem
1345 1552 1540 1598 locauerit,

146 1616 320 1654 decimae
360 1616 462 1654 haud
501 1616 615 1654 dubie
654 1616 960 1654 contribuendus
1000 1624 1068 1663 est,
1108 1617 1170 1654 cui
1213 1630 1301 1655 eum
1340 1618 1542 1667 adscripsit

146 1681 358 1719 Firmicus.’
432 1682 485 1720 At
527 1682 574 1719 de
624 1681 772 1719 Huetio
821 1694 868 1718 ne
916 1694 1036 1719 unum
1084 1683 1241 1732 quidem
1289 1683 1453 1720 uerbum
1501 1683 1540 1720 in

146 1747 310 1785 Bentleii
330 1747 582 1785 adnotatione
603 1748 790 1785 inuenies.
839 1747 958 1785 Cuius
980 1748 1009 1785 si
1031 1748 1159 1798 aliqua
1180 1749 1419 1786 mentionem
1441 1748 1543 1795 fecit,

146 1813 372 1863 plerumque
410 1820 475 1851 aut
514 1814 673 1851 doctum
707 1813 904 1862 appellans
947 1826 1079 1851 ueram
1117 1814 1271 1852 laudem
1313 1814 1409 1851 tollit
1447 1814 1540 1852 doc-

144 1879 277 1926 trinae,
300 1886 365 1916 aut
391 1880 442 1916 ibi
469 1892 558 1917 eum
585 1879 931 1917 commemorando
958 1880 1025 1917 ubi
1053 1892 1188 1918 uerum
1218 1879 1385 1917 Huetius
1413 1880 1541 1917 minus

146 1952 406 1994 perspexerat,
437 1945 484 1983 de
528 1945 752 1982 auctoritate
794 1945 876 1982 eius
924 1945 1100 1992 detrahit,
1149 1952 1215 1982 aut
1262 1945 1429 1995 denique
1473 1946 1540 1982 ubi

147 2010 315 2048 Huetius
344 2011 458 2048 unius
486 2010 672 2048 litterulae
701 2011 913 2048 mutatione
943 2011 1070 2049 lucem
1094 2010 1320 2058 reddiderat,
1344 2011 1539 2049 Bentleius

144 2082 269 2114 totum
297 2076 425 2114 locum
454 2075 695 2113 immutando
724 2082 761 2113 et
793 2076 1023 2125 corrigendo
1052 2090 1099 2114 ex
1130 2077 1214 2114 luce
1244 2077 1347 2114 dedit
1376 2077 1538 2122 sumum,

145 2143 253 2180 cuius
287 2142 455 2180 notabile
492 2141 714 2190 exemplum
743 2148 802 2178 est
832 2141 880 2178 V.
912 2151 1002 2189 707.
1078 2142 1169 2180 Hoc
1201 2142 1415 2179 notandum
1444 2142 1538 2179 duxi

145 2209 236 2259 quia
265 2208 314 2246 ad
342 2207 694 2257 interpretationem
725 2205 873 2243 Manilii
904 2207 996 2244 nihil
1025 2207 1204 2257 equidem
1233 2208 1361 2245 inueni
1392 2208 1538 2245 Huetio

145 2281 211 2312 aut
246 2274 505 2323 perspicacius
539 2279 604 2309 aut
638 2272 791 2310 uberius
825 2279 890 2309 aut
919 2273 1024 2322 quod
1054 2274 1179 2323 magis
1213 2273 1395 2310 indicaret
1422 2274 1538 2311 totius

144 2339 404 2377 astronomiae
431 2338 716 2388 peritissimum.

190 2451 201 2470 ¹
225 2452 320 2483 Nihil
336 2452 411 2483 dico
427 2451 466 2483 de
491 2452 656 2488 Reinesio,
674 2450 728 2491 qui
745 2453 853 2482 tamen
875 2449 955 2482 haec
970 2451 1027 2482 diu
1051 2455 1126 2482 ante
1143 2455 1310 2482 enotarat:
1336 2451 1364 2481 E
1393 2450 1536 2481 Firmico

146 2495 241 2526 fuerit
265 2495 450 2536 legendum,
472 2496 537 2526 Sed
557 2495 679 2526 decima
706 2502 752 2534 (p.
779 2503 816 2535 19
835 2494 1037 2535 Appendicis
1059 2495 1288 2535 Scaligeranae
1311 2493 1463 2525 editionis
1488 2497 1537 2533 3²¹0

146 2539 223 2571 anni
242 2538 351 2579 1655).

833 2606 861 2630 M
