1786 2878
249 139 328 187 246
621 142 690 173 Al)
722 140 924 172 ARATEA
964 138 1253 171 GERMANJCJ

332 261 379 300 97
413 249 586 288 Detrahit
616 255 802 286 autumno
832 246 979 296 pluuias
1010 245 1221 293 eademque
1253 243 1408 292 repleuit

413 315 592 353 Nubibus
620 314 789 352 adsiduis
824 312 970 350 caelum
1002 312 1088 350 †ob
1120 310 1183 359 (ad
1212 308 1362 359 Paris.)
1393 308 1531 356 frigore

520 381 643 430 prima

413 446 642 483 Extremum
673 443 841 481 autumni
872 448 1049 490 superent
1081 440 1394 489 †glaciaterrore.

252 535 508 574 Baehrensius
531 535 593 582 98,
611 545 660 581 99
678 533 730 569 sie
757 531 987 568 emendabat
1008 528 1181 566 Nubibus
1201 541 1234 564 a.
1252 528 1388 564 caelum
1409 527 1474 564 sub
1483 527 1642 577 srzgrore

244 603 382 651 primo,
403 599 632 637 Extremum
654 597 827 634 autumni
845 603 1024 644 superans
1037 595 1228 643 glaciante
1248 595 1380 642 rzgrore.
1439 592 1485 629 Id
1506 603 1642 641 quam-

252 668 310 704 uis
331 666 468 703 habeat
492 675 610 713 quare
634 661 926 700 commendetur
951 673 997 698 ex
1025 658 1330 709 palaeographia,
1351 669 1485 694 uerum
1513 665 1640 695 tamen

254 744 335 769 non
372 730 486 768 credo
500 742 509 775 ;
559 728 747 765 rarissime
790 727 894 763 enim
937 727 974 762 in
1015 724 1235 763 Germanici
1278 723 1444 761 carmine
1489 734 1641 760 uersum

254 796 428 834 inuenies
457 795 512 832 sic
539 793 767 831 conclusum
791 799 831 828 ut
857 791 918 828 hic
944 797 1000 828 est
1021 791 1209 839 glaciante
1232 790 1388 838 rzgrore:
1416 789 1485 826 etsi
1516 788 1643 825 huius-

255 862 361 900 modi
399 859 661 898 assonantiam
700 858 739 894 in
777 870 801 894 a
835 857 954 894 littera
992 857 1118 893 minus
1156 855 1293 904 refugit
1332 865 1400 901 151
1439 854 1645 902 tranquilla

255 940 392 966 serena.
431 936 504 974 153
539 928 696 962 uentura
729 935 866 968 serena,
895 923 1030 971 planta
1063 923 1219 958 sz'nz'stra
1252 920 1394 958 Phaen.
1429 921 1493 966 81,
1522 926 1646 968 penna

256 998 412 1042 utraque
447 993 542 1028 laeta
583 991 670 1035 281,
708 989 820 1026 missa
857 989 994 1037 sagitta
1035 996 1124 1035 315,
1155 987 1349 1036 praedicta
1376 986 1514 1035 figura
1555 993 1646 1032 447.

259 1057 497 1096 Sententiam
517 1056 591 1094 loci
612 1055 666 1093 sic
687 1055 922 1103 interpretor,
945 1053 1136 1091 Venerem
1162 1053 1232 1089 sub
1253 1051 1369 1089 Libra
1395 1052 1434 1088 in
1460 1058 1646 1088 autumno

261 1124 384 1161 faeere
417 1129 459 1160 ut
491 1121 644 1172 pluuiae
676 1132 756 1157 non
791 1119 875 1163 sint,
910 1119 1032 1155 nubes
1071 1117 1265 1167 pendeant
1303 1117 1510 1162 insolutae3
1558 1116 1647 1154 hinc

259 1189 412 1227 euenire
440 1194 481 1225 ut
509 1199 588 1236 quo
617 1193 789 1234 tempore
819 1190 1025 1222 autumnus
1055 1182 1154 1220 cedit
1183 1183 1222 1219 in
1252 1182 1429 1227 hiemem,
1450 1194 1497 1219 ex
1527 1181 1649 1231 glacie

260 1255 377 1303 frigus
401 1265 481 1291 non
508 1264 555 1289 ex
585 1250 724 1301 pluuiis
751 1249 825 1286 fiat.
884 1248 987 1286 Nam
1011 1260 1098 1285 cum
1126 1254 1162 1285 et
1191 1254 1375 1296 uergente
1405 1254 1591 1285 autumno
1616 1254 1650 1284 et

260 1319 366 1356 initio
415 1317 550 1355 hiemis
598 1315 719 1365 frigus
764 1314 840 1360 fiat,
873 1321 1059 1351 autumno
1105 1325 1153 1350 ex
1200 1312 1396 1359 imbribus,
1437 1312 1563 1350 hieme
1603 1325 1650 1351 ex

260 1385 404 1434 glacie:
439 1383 574 1420 Venus
607 1381 721 1418 efficit
755 1380 877 1416 nubes
908 1378 1080 1416 autumni
1114 1390 1162 1415 ne
1198 1377 1393 1415 soluantur
1425 1378 1463 1414 in
1494 1377 1653 1427 pluuias,

261 1463 358 1488 neue
388 1463 436 1488 ex
465 1449 524 1486 his
553 1448 669 1497 frigus
699 1453 904 1495 sequatur:
935 1444 1040 1494 quod
1063 1444 1200 1482 hiemis
1227 1444 1383 1481 tandem
1407 1443 1574 1481 aduentu
1602 1444 1653 1482 fit.

264 1516 326 1554 Sic
339 1517 506 1566 frigora
531 1515 678 1563 primae
700 1512 859 1549 brumae
884 1514 1061 1559 superant
1078 1510 1219 1546 imbres
1238 1509 1451 1546 recedentis
1471 1510 1653 1547 autumni.

262 1582 397 1631 Itaque
417 1581 469 1617 ad
487 1580 548 1616 uel
569 1579 609 1615 ob
630 1577 698 1628 (013
717 1593 757 1610 =
776 1575 828 1626 a)
850 1577 887 1612 in
908 1576 974 1612 dal
991 1581 1109 1620 muto,
1124 1575 1393 1622 glacz'alerrore
1413 1575 1451 1611 in
1471 1576 1655 1622 glacialia

264 1647 340 1698 (uel
355 1643 586 1695 glacz'anlz'a)
608 1656 741 1681 rorem.

969 1706 1032 1744 dat
1061 1705 1202 1755 frigora
1228 1706 1351 1755 prima

427 1776 654 1813 Extremum
685 1773 860 1811 autumni
891 1778 1072 1821 superent
1100 1771 1274 1820 glacialia
1302 1783 1438 1809 rorem.

268 1866 305 1902 Si
336 1865 422 1914 quis
451 1870 580 1901 autem
610 1867 788 1912 queratur
818 1861 871 1898 sic
902 1860 1085 1897 omissam
1109 1858 1264 1895 Libram
1295 1859 1372 1896 siue
1394 1858 1546 1906 Chelas,
1569 1872 1657 1897 cum

269 1937 395 1968 cetera
429 1929 539 1978 signa
573 1927 707 1965 ordine
742 1932 1024 1970 enumerentur,
1054 1936 1124 1973 pro
1158 1924 1295 1960 caelum
1329 1925 1383 1960 ad
1414 1923 1488 1974 (ob)
1521 1925 1658 1962 scribat

267 1996 452 2032 chelarztm
483 1997 525 2030 ul
535 1993 704 2043 frigora
726 1993 857 2040 prima
884 1989 933 2026 E.
960 2003 995 2026 a.
1021 1993 1190 2038 superenl
1211 1990 1394 2038 glacialia
1422 2002 1539 2026 rorem
1569 1989 1604 2026 h.
1625 2002 1657 2027 e.

269 2061 402 2098 Venus
423 2065 609 2096 autumno
630 2056 750 2094 modo
771 2056 921 2105 pluuias
942 2061 1109 2100 amouet,
1127 2054 1245 2092 modo
1266 2054 1399 2103 ingerit
1419 2054 1516 2092 adeo
1536 2055 1659 2105 spisse

269 2132 310 2162 ut
344 2124 519 2162 autumni
558 2122 696 2172 frigora
735 2122 857 2171 prima
896 2132 995 2170 quae
1034 2121 1105 2158 sub
1138 2119 1253 2157 Libra
1284 2120 1377 2157 fiunt
1409 2120 1553 2157 acriora
1586 2120 1659 2157 sint

271 2191 462 2228 interdum
494 2189 549 2226 eis
582 2200 681 2237 quac
712 2187 885 2224 autumni
915 2185 1061 2235 gelidos
1091 2185 1234 2222 imbres
1267 2184 1335 2223 sed
1372 2185 1547 2222 exeuntis
1584 2186 1659 2223 iam

271 2262 306 2294 et
328 2256 367 2292 in
387 2255 553 2292 hiemem
575 2253 754 2290 uertentis
775 2252 1015 2289 comitantur.

333 2345 400 2369 101
898 2335 934 2366 at
964 2328 1053 2365 diris
1082 2326 1211 2363 omnia
1240 2328 1380 2364 nimbis

438 2397 715 2445 Continuisque
745 2401 853 2432 ruent
886 2394 979 2445 (ruet
1010 2393 1157 2444 MSS),
1187 2404 1275 2431 cum
1305 2404 1372 2442 per
1402 2393 1555 2430 sinuosa

545 2469 692 2499 tenetur

439 2528 594 2565 Cornua
624 2525 805 2564 Centauri
838 2524 965 2574 rapida
997 2525 1172 2561 distincta
1201 2523 1347 2572 sagitta.
