1786 2878
224 145 242 174 1
252 143 273 186 7
282 144 304 175 2
637 140 833 172 NOCTES
859 139 1189 172 MANJLJAM4E

220 245 449 296 sanguinem
490 246 575 283 eius
615 246 793 296 quamuis
832 247 1016 296 exiguum
1056 245 1227 283 exhibuit
1266 242 1356 297 (viii.
1398 242 1616 294 380-383).

224 310 332 349 Tum
351 311 474 349 meriti
495 312 577 349 eius
596 323 758 349 consors
778 311 899 349 factus
921 311 1143 361 Meleagros
1165 323 1301 360 aprum
1321 309 1509 348 interfecit

385 393 513 442 Atque
543 393 594 431 ita
624 396 757 431 ‘sume
787 394 863 431 mei
892 394 1069 443 spolium,
1100 393 1308 438 Nonacria,
1338 389 1451 437 iuris,'

383 457 490 496 Dixit
521 461 580 496 ‘et
609 459 648 495 in
676 466 824 508 partem
854 460 983 497 ueniat
1011 471 1098 496 mea
1127 458 1248 508 gloria
1277 457 1427 495 tecum.’

221 539 356 590 Itaque
386 544 553 577 conatum
568 540 683 589 serre
712 541 766 578 sic
795 541 1034 591 interpretor,
1059 541 1225 579 uoluisse
1256 539 1500 588 Meleagrum
1529 549 1615 575 sese

222 612 442 643 consortem
462 604 542 642 fieri
561 605 765 643 Atalantae
792 618 882 643 cum
909 619 1043 656 aprum
1065 606 1301 643 interficeret.
1358 603 1456 642 Mox
1477 615 1514 641 u.
1540 604 1610 639 181

221 675 255 707 et
283 683 394 719 quam
423 677 525 707 recte
555 670 654 707 tradi
682 671 854 717 uidetur3
889 683 997 709 suem
1027 671 1281 721 Calydoniam
1312 669 1510 718 significat.
1568 667 1616 704 In

222 735 358 773 ceteris
378 735 579 784 singularis
600 743 656 773 est
683 736 835 774 bonitas
861 737 1004 774 codicis
1034 735 1148 775 Voss.²
1171 737 1235 786 qui
1266 735 1369 774 solus
1397 747 1446 772 ex
1475 733 1617 771 nostris

221 807 391 850 praestat
417 801 553 847 uidere,
573 814 644 839 nec
668 814 757 839 cum
781 803 935 853 reliquis
957 804 1159 840 imitandus
1179 814 1309 852 praue,
1331 800 1399 838 Sed
1419 800 1618 837 mutandus

221 866 355 903 leuiter
374 873 600 915 corruptum
622 879 671 904 ex
691 869 897 906 metuendus
918 867 988 918 (sic
1017 869 1093 906 iam
1125 867 1308 918 Scaliger)
1329 867 1455 904 habet.
1512 864 1618 902 Nam

222 931 315 981 quid
347 939 405 969 est
437 933 545 970 siluis
582 933 819 970 imitandus?
874 934 1016 983 Aperte
1054 934 1256 983 requiritur
1294 933 1333 970 id
1370 931 1477 981 quod
1509 932 1618 968 siluis

221 996 515 1046 explicationem
544 1009 654 1035 suam
687 998 845 1036 adferat.
902 999 1040 1049 Itaque
1075 998 1264 1048 Quamque
1292 997 1510 1036 retinuerim
1539 996 1616 1033 hoc

222 1074 360 1100 sensu:
397 1063 561 1111 puellam
599 1067 809 1101 sternentem
848 1063 989 1115 (suem)
1029 1072 1188 1114 tamque
1227 1063 1475 1101 metuendam
1514 1061 1617 1099 siluis

221 1140 332 1176 quam
365 1128 472 1164 siluis
502 1132 584 1164 erat
615 1130 822 1166 metuendus
854 1130 1028 1176 Actaeon,
1069 1135 1110 1167 at
1141 1134 1223 1166 ante
1255 1142 1364 1178 quam
1399 1140 1421 1165 a
1456 1128 1618 1165 canibus

222 1194 424 1231 dilaniatus
445 1201 512 1231 est.
553 1194 602 1232 Et
618 1194 693 1233 hoc
713 1196 869 1244 quidem
883 1197 1014 1234 aliam
1030 1196 1198 1234 Iacobus
1219 1196 1460 1234 coniecerat:
1491 1201 1618 1232 cetera

221 1266 310 1297 ante
332 1271 392 1297 me
412 1272 528 1297 nemo
549 1260 763 1310 explicauit.

276 1325 325 1362 V.
350 1327 436 1372 184,
461 1327 535 1374 185
779 1312 782 1316 '

1093 1394 1284 1432 ducuntur
1312 1400 1349 1431 et
1377 1392 1449 1443 ipsi

386 1455 547 1494 Retibus
576 1464 612 1495 et
640 1457 824 1497 claudunt
853 1472 1012 1510 campos
1041 1459 1245 1498 formidine
1275 1459 1454 1504 †mortis,

223 1548 276 1587 sic
300 1547 466 1595 Gembl.,
488 1550 555 1588 sed
584 1550 797 1600 Lipsiensis
826 1565 913 1590 curn
938 1551 1068 1591 Voss.2
1096 1553 1211 1591 habet
1241 1556 1389 1590 montes.
1447 1550 1487 1588 Si
1516 1557 1618 1589 recte

223 1614 405 1652 traditum
431 1622 487 1652 est
507 1618 646 1662 mortis,
668 1617 738 1654 hac
758 1630 830 1667 pro
855 1623 890 1654 et
913 1619 1143 1668 scripserim,
1164 1618 1199 1656 h.
1215 1631 1247 1656 e.
1270 1618 1414 1655 retibus
1435 1616 1619 1654 claudunt

225 1692 387 1729 campos
419 1692 518 1729 quae
551 1687 736 1731 tanquam
771 1683 938 1721 formido
977 1685 1105 1734 aliqua
1141 1684 1276 1722 mortis
1314 1683 1493 1721 timorem
1530 1682 1619 1719 feris

224 1745 432 1784 incutiant:
472 1753 514 1784 ut
528 1747 742 1796 formidine
770 1748 911 1798 duplici
940 1749 1112 1799 quodam
1144 1762 1261 1788 sensu
1289 1749 1527 1793 adhibeatur,
1558 1746 1618 1799 (1)

223 1811 426 1860 indaginis,
461 1810 520 1864 (2)
555 1813 716 1859 timoris,
754 1826 830 1864 qua
869 1815 1149 1864 significatione
1186 1813 1386 1852 Lucretius
1418 1813 1512 1851 dixit
1546 1826 1619 1850 non

226 1877 418 1914 minimam
440 1882 589 1926 partem
621 1880 750 1915 mortis
770 1879 987 1929 formidine
1019 1882 1186 1919 aluntur.
1241 1880 1293 1917 Et
1327 1879 1450 1917 solent
1480 1885 1619 1928 poetae

225 1941 355 1979 ludere
375 1942 415 1979 in
435 1942 506 1980 hac
527 1942 668 1992 duplici
689 1944 970 1993 significatione
989 1946 1182 1984 uocabuli.
1239 1945 1397 1982 Nemes.
1420 1943 1517 1994 Cyn.
1539 1955 1616 1991 303

225 2020 309 2058 sqq.
328 2008 449 2045 Linea
469 2009 558 2055 quin
577 2010 686 2046 eliam
707 2023 860 2059 magnos
878 2012 1111 2048 circumdare
1129 2013 1247 2049 sallus
1267 2010 1367 2057 Quae
1377 2011 1500 2060 possit
1516 2010 1620 2046 uolu-

224 2086 370 2122 cresque
398 2078 508 2110 melu
535 2075 794 2112 concludere
812 2077 990 2124 praedas,
1011 2077 1179 2127 Digeral
1201 2079 1363 2115 innexas
1383 2088 1453 2112 non
1474 2087 1549 2111 una
1568 2086 1620 2111 ex

225 2139 311 2175 alile
321 2139 474 2187 pinnas.
521 2138 696 2188 lVamque
715 2153 821 2178 ursos
840 2154 1060 2192 magnosque
1078 2156 1158 2180 sues
1181 2155 1372 2190 ceruosque
1379 2141 1546 2190 fugaces
1565 2138 1623 2175 Et

226 2205 352 2253 uulpes
377 2216 548 2253 acresque
570 2205 673 2254 lupos
699 2219 760 2242 ceu
772 2207 948 2256 fulgura
972 2209 1068 2245 caeli
1086 2208 1315 2258 Terrzficanl
1337 2207 1473 2255 linique
1497 2209 1623 2242 uetant

227 2270 482 2306 transcendere
499 2274 647 2318 septum.
686 2270 776 2308 Has
795 2273 916 2321 igilur
930 2275 1038 2310 uario
1058 2280 1194 2322 semper
1198 2273 1344 2322 fucare
1363 2283 1494 2308 ueneno
1512 2269 1620 2308 Cura

226 2335 299 2372 libi
322 2336 508 2384 niueis-que
535 2337 629 2374 alios
655 2338 801 2374 miscere
823 2339 954 2375 colores
973 2338 1216 2387 Alternosque
1243 2341 1376 2375 metus
1402 2336 1621 2384 subtegmine

228 2400 367 2437 tendere
412 2402 529 2451 longo.
586 2401 671 2440 Nec
719 2410 848 2441 tamen
890 2403 1031 2442 infitior
1077 2404 1245 2454 potuisse
1291 2409 1438 2451 campos
1484 2401 1621 2438 uitium

228 2465 398 2504 trahere:
446 2479 516 2516 pro
554 2479 633 2518 quo
672 2468 703 2506 si
741 2481 852 2506 canos
889 2481 1068 2519 reponas,
1106 2469 1246 2508 locutio
1285 2468 1356 2506 erit
1387 2466 1618 2516 Vergiliana,

229 2530 278 2568 G.
307 2531 330 2569 i.
361 2545 409 2580 43
442 2532 527 2572 Vere
556 2546 648 2572 nouo
671 2534 817 2584 gelidus
847 2536 951 2572 cam's
979 2548 1059 2573 cum
1090 2533 1268 2573 montibus
1298 2546 1405 2571 umor
1428 2532 1621 2581 Lz'quilur.
