<?xml version="1.0" encoding="UTF-8"?>
<!DOCTYPE html PUBLIC "-//W3C//DTD XHTML 1.0 Transitional//EN"
    "http://www.w3.org/TR/xhtml1/DTD/xhtml1-transitional.dtd">
<html xmlns="http://www.w3.org/1999/xhtml" xml:lang="en" lang="en">
 <head>
  <title>
</title>
<meta http-equiv="Content-Type" content="text/html;charset=utf-8" />
  <meta name='ocr-system' content='tesseract 3.04.00' />
  <meta name='ocr-capabilities' content='ocr_page ocr_carea ocr_par ocr_line ocrx_word'/>
</head>
<body>
  <div class='ocr_page' id='page_1' title='image "./noctesmanilianae00elliuoft_0030.png"; bbox 0 0 1786 2878; ppageno 0'>
   <div class='ocr_carea' id='block_1_1' title="bbox 290 167 1254 200">
    <p class='ocr_par' dir='ltr' id='par_1_1' title="bbox 290 167 1254 200">
     <span class='ocr_line' id='line_1_1' title="bbox 290 167 1254 200; baseline -0.001 -1"><span class='ocrx_word' id='word_1_1' title='bbox 290 171 342 199; x_wconf 93' lang='lat'><strong>10</strong></span> <span class='ocrx_word' id='word_1_2' title='bbox 701 167 896 200; x_wconf 78' lang='lat' dir='ltr'><em>NOCTES</em></span> <span class='ocrx_word' id='word_1_3' title='bbox 923 167 1254 199; x_wconf 67' lang='lat' dir='ltr'><em>AIANILIAIVAE</em></span> 
     </span>
    </p>
   </div>
   <div class='ocr_carea' id='block_1_2' title="bbox 284 283 1693 2364">
    <p class='ocr_par' dir='ltr' id='par_1_2' title="bbox 285 283 1675 386">
     <span class='ocr_line' id='line_1_2' title="bbox 288 283 1675 335; baseline -0.001 -13"><span class='ocrx_word' id='word_1_4' title='bbox 288 293 364 333; x_wconf 87' lang='lat'><strong>427</strong></span> <span class='ocrx_word' id='word_1_5' title='bbox 392 283 510 322; x_wconf 87' lang='lat' dir='ltr'><strong>colles</strong></span> <span class='ocrx_word' id='word_1_6' title='bbox 533 283 567 322; x_wconf 94' lang='lat' dir='ltr'><em>C</em></span> <span class='ocrx_word' id='word_1_7' title='bbox 568 297 622 322; x_wconf 83' lang='lat' dir='ltr'><strong>us.</strong></span> <span class='ocrx_word' id='word_1_8' title='bbox 641 288 674 322; x_wconf 82' lang='lat' dir='ltr'><strong>et</strong></span> <span class='ocrx_word' id='word_1_9' title='bbox 701 283 874 322; x_wconf 81' lang='lat' dir='ltr'><strong>Vossz&#39;am&#39;</strong></span> <span class='ocrx_word' id='word_1_10' title='bbox 894 284 994 322; x_wconf 88' lang='lat' dir='ltr'><strong>tollis</strong></span> <span class='ocrx_word' id='word_1_11' title='bbox 1013 297 1043 330; x_wconf 91' lang='lat'><strong>0,</strong></span> <span class='ocrx_word' id='word_1_12' title='bbox 1064 286 1156 322; x_wconf 82' lang='lat' dir='ltr'><strong>unde</strong></span> <span class='ocrx_word' id='word_1_13' title='bbox 1175 284 1251 323; x_wconf 86' lang='lat' dir='ltr'><strong>tolli</strong></span> <span class='ocrx_word' id='word_1_14' title='bbox 1257 284 1431 335; x_wconf 80' lang='lat' dir='ltr'><strong>fortasse</strong></span> <span class='ocrx_word' id='word_1_15' title='bbox 1448 283 1675 322; x_wconf 79' lang='lat' dir='ltr'><strong>scribendum</strong></span> 
     </span>
     <span class='ocr_line' id='line_1_3' title="bbox 285 353 346 386; baseline 0 0"><span class='ocrx_word' id='word_1_16' title='bbox 285 353 346 386; x_wconf 80' lang='lat' dir='ltr'><strong>est.</strong></span> 
     </span>
    </p>

    <p class='ocr_par' dir='ltr' id='par_1_3' title="bbox 284 414 1683 1251">
     <span class='ocr_line' id='line_1_4' title="bbox 340 414 1672 467; baseline 0 -15"><span class='ocrx_word' id='word_1_17' title='bbox 340 415 415 452; x_wconf 88' lang='lat' dir='ltr'><strong>Vu.</strong></span> <span class='ocrx_word' id='word_1_18' title='bbox 438 416 526 462; x_wconf 88' lang='lat'>428,</span> <span class='ocrx_word' id='word_1_19' title='bbox 549 428 570 463; x_wconf 91' lang='lat'>9</span> <span class='ocrx_word' id='word_1_20' title='bbox 601 414 796 453; x_wconf 88' lang='lat' dir='ltr'><strong>Bentleius</strong></span> <span class='ocrx_word' id='word_1_21' title='bbox 823 415 973 464; x_wconf 90' lang='lat' dir='ltr'><strong>spurios</strong></span> <span class='ocrx_word' id='word_1_22' title='bbox 1001 414 1142 462; x_wconf 83' lang='lat' dir='ltr'>habuit,</span> <span class='ocrx_word' id='word_1_23' title='bbox 1164 415 1387 467; x_wconf 85' lang='lat' dir='ltr'><strong>habentque</strong></span> <span class='ocrx_word' id='word_1_24' title='bbox 1416 429 1509 455; x_wconf 89' lang='lat' dir='ltr'><strong>sane</strong></span> <span class='ocrx_word' id='word_1_25' title='bbox 1538 415 1672 454; x_wconf 92' lang='lat' dir='ltr'><strong>nescio</strong></span> 
     </span>
     <span class='ocr_line' id='line_1_5' title="bbox 285 480 1677 530; baseline -0.001 -13"><span class='ocrx_word' id='word_1_26' title='bbox 285 480 380 530; x_wconf 89' lang='lat' dir='ltr'><strong>quid</strong></span> <span class='ocrx_word' id='word_1_27' title='bbox 405 480 531 518; x_wconf 83' lang='lat' dir='ltr'>scabri</span> <span class='ocrx_word' id='word_1_28' title='bbox 559 487 600 517; x_wconf 92' lang='lat' dir='ltr'><strong>ut</strong></span> <span class='ocrx_word' id='word_1_29' title='bbox 628 481 805 529; x_wconf 83' lang='lat' dir='ltr'><strong>leguntur</strong></span> <span class='ocrx_word' id='word_1_30' title='bbox 834 481 873 517; x_wconf 93' lang='lat' dir='ltr'><strong>in</strong></span> <span class='ocrx_word' id='word_1_31' title='bbox 903 480 1067 527; x_wconf 87' lang='lat' dir='ltr'><strong>Gembl.,</strong></span> <span class='ocrx_word' id='word_1_32' title='bbox 1089 481 1157 518; x_wconf 90' lang='lat' dir='ltr'><strong>etsi</strong></span> <span class='ocrx_word' id='word_1_33' title='bbox 1186 482 1320 519; x_wconf 90' lang='lat' dir='ltr'><strong>iniuria</strong></span> <span class='ocrx_word' id='word_1_34' title='bbox 1350 482 1438 520; x_wconf 90' lang='lat' dir='ltr'><strong>huic</strong></span> <span class='ocrx_word' id='word_1_35' title='bbox 1467 482 1677 530; x_wconf 89' lang='lat' dir='ltr'>imputatur</span> 
     </span>
     <span class='ocr_line' id='line_1_6' title="bbox 284 545 1678 597; baseline 0 -15"><span class='ocrx_word' id='word_1_36' title='bbox 284 550 421 583; x_wconf 79' lang='lat' dir='ltr'><strong>coactos</strong></span> <span class='ocrx_word' id='word_1_37' title='bbox 445 557 515 595; x_wconf 89' lang='lat' dir='ltr'><strong>pro</strong></span> <span class='ocrx_word' id='word_1_38' title='bbox 544 550 692 583; x_wconf 79' lang='lat' dir='ltr'><strong>creatos.</strong></span> <span class='ocrx_word' id='word_1_39' title='bbox 750 545 826 583; x_wconf 89' lang='lat' dir='ltr'><strong>Sed</strong></span> <span class='ocrx_word' id='word_1_40' title='bbox 852 552 908 583; x_wconf 89' lang='lat' dir='ltr'><strong>est</strong></span> <span class='ocrx_word' id='word_1_41' title='bbox 934 545 1042 583; x_wconf 88' lang='lat' dir='ltr'><strong>locus</strong></span> <span class='ocrx_word' id='word_1_42' title='bbox 1071 546 1132 584; x_wconf 90' lang='lat' dir='ltr'><strong>hic</strong></span> <span class='ocrx_word' id='word_1_43' title='bbox 1161 560 1208 585; x_wconf 88' lang='lat' dir='ltr'><strong>ex</strong></span> <span class='ocrx_word' id='word_1_44' title='bbox 1237 548 1291 585; x_wconf 87' lang='lat' dir='ltr'><strong>eis</strong></span> <span class='ocrx_word' id='word_1_45' title='bbox 1321 548 1385 597; x_wconf 90' lang='lat' dir='ltr'><strong>qui</strong></span> <span class='ocrx_word' id='word_1_46' title='bbox 1412 560 1486 597; x_wconf 90' lang='lat' dir='ltr'><strong>ope</strong></span> <span class='ocrx_word' id='word_1_47' title='bbox 1514 546 1678 584; x_wconf 90' lang='lat' dir='ltr'><strong>aliorum</strong></span> 
     </span>
     <span class='ocr_line' id='line_1_7' title="bbox 286 611 1677 661; baseline -0.001 -13"><span class='ocrx_word' id='word_1_48' title='bbox 286 611 463 648; x_wconf 85' lang='lat' dir='ltr'><strong>codicum</strong></span> <span class='ocrx_word' id='word_1_49' title='bbox 493 611 642 660; x_wconf 86' lang='lat' dir='ltr'>possint</span> <span class='ocrx_word' id='word_1_50' title='bbox 669 611 722 649; x_wconf 91' lang='lat' dir='ltr'><strong>sic</strong></span> <span class='ocrx_word' id='word_1_51' title='bbox 749 611 788 648; x_wconf 91' lang='lat' dir='ltr'><strong>in</strong></span> <span class='ocrx_word' id='word_1_52' title='bbox 818 611 953 649; x_wconf 87' lang='lat' dir='ltr'><strong>melius</strong></span> <span class='ocrx_word' id='word_1_53' title='bbox 982 611 1127 661; x_wconf 86' lang='lat' dir='ltr'><strong>refingi,</strong></span> <span class='ocrx_word' id='word_1_54' title='bbox 1150 619 1190 650; x_wconf 90' lang='lat' dir='ltr'><strong>ut</strong></span> <span class='ocrx_word' id='word_1_55' title='bbox 1220 612 1395 659; x_wconf 82' lang='lat' dir='ltr'><strong>Manilio,</strong></span> <span class='ocrx_word' id='word_1_56' title='bbox 1419 625 1499 650; x_wconf 90' lang='lat' dir='ltr'><strong>non</strong></span> <span class='ocrx_word' id='word_1_57' title='bbox 1529 612 1677 661; x_wconf 91' lang='lat' dir='ltr'><strong>optimo</strong></span> 
     </span>
     <span class='ocr_line' id='line_1_8' title="bbox 286 676 1680 729; baseline -0.001 -15"><span class='ocrx_word' id='word_1_58' title='bbox 286 684 413 726; x_wconf 87' lang='lat' dir='ltr'><strong>poeta,</strong></span> <span class='ocrx_word' id='word_1_59' title='bbox 440 677 514 714; x_wconf 91' lang='lat' dir='ltr'><strong>sint</strong></span> <span class='ocrx_word' id='word_1_60' title='bbox 546 677 679 714; x_wconf 86' lang='lat' dir='ltr'><strong>saltem</strong></span> <span class='ocrx_word' id='word_1_61' title='bbox 710 689 789 715; x_wconf 91' lang='lat' dir='ltr'><strong>non</strong></span> <span class='ocrx_word' id='word_1_62' title='bbox 823 677 982 726; x_wconf 86' lang='lat' dir='ltr'><strong>indigni.</strong></span> <span class='ocrx_word' id='word_1_63' title='bbox 1039 676 1211 715; x_wconf 89' lang='lat' dir='ltr'><strong>Primum</strong></span> <span class='ocrx_word' id='word_1_64' title='bbox 1242 679 1345 716; x_wconf 92' lang='lat' dir='ltr'><strong>enim</strong></span> <span class='ocrx_word' id='word_1_65' title='bbox 1375 678 1482 729; x_wconf 89' lang='lat' dir='ltr'><strong>quod</strong></span> <span class='ocrx_word' id='word_1_66' title='bbox 1511 683 1680 727; x_wconf 80' lang='lat' dir='ltr'>praestat</span> 
     </span>
     <span class='ocr_line' id='line_1_9' title="bbox 285 741 1678 788; baseline -0.001 -8"><span class='ocrx_word' id='word_1_67' title='bbox 285 742 438 780; x_wconf 89' lang='lat' dir='ltr'><strong>Gembl.</strong></span> <span class='ocrx_word' id='word_1_68' title='bbox 463 743 560 788; x_wconf 73' lang='lat' dir='ltr'><strong>aliis,</strong></span> <span class='ocrx_word' id='word_1_69' title='bbox 588 754 667 779; x_wconf 92' lang='lat' dir='ltr'><strong>non</strong></span> <span class='ocrx_word' id='word_1_70' title='bbox 696 741 810 780; x_wconf 90' lang='lat' dir='ltr'><strong>debet</strong></span> <span class='ocrx_word' id='word_1_71' title='bbox 835 742 970 780; x_wconf 82' lang='lat' dir='ltr'><strong>cedere</strong></span> <span class='ocrx_word' id='word_1_72' title='bbox 995 742 1147 780; x_wconf 89' lang='lat' dir='ltr'><strong>lectioni</strong></span> <span class='ocrx_word' id='word_1_73' title='bbox 1173 743 1317 782; x_wconf 87' lang='lat' dir='ltr'><strong>Cusani</strong></span> <span class='ocrx_word' id='word_1_74' title='bbox 1342 751 1378 782; x_wconf 93' lang='lat' dir='ltr'><strong>et</strong></span> <span class='ocrx_word' id='word_1_75' title='bbox 1399 742 1530 782; x_wconf 79' lang='lat' dir='ltr'><strong>Voss.²</strong></span> <span class='ocrx_word' id='word_1_76' title='bbox 1553 743 1646 780; x_wconf 75' lang='lat' dir='ltr'><strong>alios</strong></span> <span class='ocrx_word' id='word_1_77' title='bbox 1659 754 1678 785; x_wconf 81' lang='grc'><strong>,-</strong></span> 
     </span>
     <span class='ocr_line' id='line_1_10' title="bbox 286 807 1677 860; baseline 0 -16"><span class='ocrx_word' id='word_1_78' title='bbox 286 808 437 858; x_wconf 90' lang='lat' dir='ltr'><strong>planius</strong></span> <span class='ocrx_word' id='word_1_79' title='bbox 472 807 556 852; x_wconf 90' lang='lat' dir='ltr'><strong>hoc,</strong></span> <span class='ocrx_word' id='word_1_80' title='bbox 590 807 683 845; x_wconf 90' lang='lat' dir='ltr'><strong>illud</strong></span> <span class='ocrx_word' id='word_1_81' title='bbox 721 808 936 858; x_wconf 88' lang='lat' dir='ltr'><strong>quaesitius.</strong></span> <span class='ocrx_word' id='word_1_82' title='bbox 993 808 1144 847; x_wconf 85' lang='lat' dir='ltr'><strong>Deinde</strong></span> <span class='ocrx_word' id='word_1_83' title='bbox 1179 810 1284 847; x_wconf 76' lang='lat' dir='ltr'><strong>colles</strong></span> <span class='ocrx_word' id='word_1_84' title='bbox 1311 810 1468 860; x_wconf 89' lang='lat' dir='ltr'><strong>quidem</strong></span> <span class='ocrx_word' id='word_1_85' title='bbox 1502 815 1606 847; x_wconf 87' lang='lat' dir='ltr'><strong>extat</strong></span> <span class='ocrx_word' id='word_1_86' title='bbox 1636 807 1677 844; x_wconf 92' lang='lat' dir='ltr'><strong>in</strong></span> 
     </span>
     <span class='ocr_line' id='line_1_11' title="bbox 288 872 1681 924; baseline -0.001 -14"><span class='ocrx_word' id='word_1_87' title='bbox 288 872 441 910; x_wconf 90' lang='lat' dir='ltr'><strong>Gembl.</strong></span> <span class='ocrx_word' id='word_1_88' title='bbox 462 880 499 910; x_wconf 93' lang='lat' dir='ltr'><strong>et</strong></span> <span class='ocrx_word' id='word_1_89' title='bbox 519 873 710 923; x_wconf 90' lang='lat' dir='ltr'><strong>plerisque</strong></span> <span class='ocrx_word' id='word_1_90' title='bbox 726 885 735 919; x_wconf 86' lang='lat'>;</span> <span class='ocrx_word' id='word_1_91' title='bbox 766 873 833 910; x_wconf 88' lang='lat' dir='ltr'><strong>sed</strong></span> <span class='ocrx_word' id='word_1_92' title='bbox 853 873 968 911; x_wconf 90' lang='lat' dir='ltr'><strong>habet</strong></span> <span class='ocrx_word' id='word_1_93' title='bbox 987 873 1111 911; x_wconf 87' lang='lat' dir='ltr'><strong>codex</strong></span> <span class='ocrx_word' id='word_1_94' title='bbox 1139 874 1301 924; x_wconf 84' lang='lat' dir='ltr'><strong>Collegii</strong></span> <span class='ocrx_word' id='word_1_95' title='bbox 1322 875 1508 924; x_wconf 87' lang='lat' dir='ltr'>Corporis</span> <span class='ocrx_word' id='word_1_96' title='bbox 1538 872 1681 911; x_wconf 87' lang='lat' dir='ltr'>Christi</span> 
     </span>
     <span class='ocr_line' id='line_1_12' title="bbox 286 938 1680 989; baseline 0 -13"><span class='ocrx_word' id='word_1_97' title='bbox 286 940 395 985; x_wconf 76' lang='lat' dir='ltr'><strong>tollis,</strong></span> <span class='ocrx_word' id='word_1_98' title='bbox 415 938 519 976; x_wconf 90' lang='lat' dir='ltr'><strong>unde</strong></span> <span class='ocrx_word' id='word_1_99' title='bbox 548 939 716 976; x_wconf 90' lang='lat' dir='ltr'><strong>emendo</strong></span> <span class='ocrx_word' id='word_1_100' title='bbox 744 940 832 976; x_wconf 72' lang='lat' dir='ltr'><strong>tolli.</strong></span> <span class='ocrx_word' id='word_1_101' title='bbox 891 938 988 977; x_wconf 86' lang='lat' dir='ltr'><strong>Mox</strong></span> <span class='ocrx_word' id='word_1_102' title='bbox 1009 943 1043 975; x_wconf 85' lang='lat' dir='ltr'><strong>el</strong></span> <span class='ocrx_word' id='word_1_103' title='bbox 1062 945 1173 988; x_wconf 75' lang='lat' dir='ltr'><strong>rupta</strong></span> <span class='ocrx_word' id='word_1_104' title='bbox 1193 940 1344 978; x_wconf 88' lang='lat' dir='ltr'><strong>uidetur</strong></span> <span class='ocrx_word' id='word_1_105' title='bbox 1364 947 1589 989; x_wconf 89' lang='lat' dir='ltr'><strong>corruptum</strong></span> <span class='ocrx_word' id='word_1_106' title='bbox 1609 950 1680 988; x_wconf 92' lang='lat' dir='ltr'><strong>pro</strong></span> 
     </span>
     <span class='ocr_line' id='line_1_13' title="bbox 288 1004 1683 1055; baseline -0.001 -13"><span class='ocrx_word' id='word_1_107' title='bbox 288 1017 339 1042; x_wconf 75' lang='lat' dir='ltr'><strong>ex</strong></span> <span class='ocrx_word' id='word_1_108' title='bbox 359 1009 480 1053; x_wconf 70' lang='lat' dir='ltr'><strong>rupta,</strong></span> <span class='ocrx_word' id='word_1_109' title='bbox 501 1005 610 1042; x_wconf 89' lang='lat' dir='ltr'><strong>cuius</strong></span> <span class='ocrx_word' id='word_1_110' title='bbox 631 1004 916 1053; x_wconf 90' lang='lat' dir='ltr'><strong>deprauationis</strong></span> <span class='ocrx_word' id='word_1_111' title='bbox 937 1005 1009 1042; x_wconf 88' lang='lat' dir='ltr'><strong>alia</strong></span> <span class='ocrx_word' id='word_1_112' title='bbox 1028 1005 1104 1042; x_wconf 89' lang='lat' dir='ltr'><strong>iam</strong></span> <span class='ocrx_word' id='word_1_113' title='bbox 1133 1006 1311 1055; x_wconf 90' lang='lat' dir='ltr'><strong>exempla</strong></span> <span class='ocrx_word' id='word_1_114' title='bbox 1339 1006 1516 1043; x_wconf 86' lang='lat' dir='ltr'><strong>uidimus.</strong></span> <span class='ocrx_word' id='word_1_115' title='bbox 1572 1004 1683 1041; x_wconf 90' lang='lat' dir='ltr'><strong>Post-</strong></span> 
     </span>
     <span class='ocr_line' id='line_1_14' title="bbox 287 1069 1682 1121; baseline -0.001 -14"><span class='ocrx_word' id='word_1_116' title='bbox 287 1083 408 1116; x_wconf 86' lang='lat' dir='ltr'><strong>remo,</strong></span> <span class='ocrx_word' id='word_1_117' title='bbox 429 1076 470 1107; x_wconf 88' lang='lat' dir='ltr'><strong>ut</strong></span> <span class='ocrx_word' id='word_1_118' title='bbox 489 1070 538 1107; x_wconf 93' lang='lat' dir='ltr'><strong>ad</strong></span> <span class='ocrx_word' id='word_1_119' title='bbox 558 1070 595 1107; x_wconf 90' lang='lat' dir='ltr'><strong>id</strong></span> <span class='ocrx_word' id='word_1_120' title='bbox 615 1070 771 1107; x_wconf 91' lang='lat' dir='ltr'><strong>ueniam</strong></span> <span class='ocrx_word' id='word_1_121' title='bbox 798 1070 904 1119; x_wconf 88' lang='lat' dir='ltr'><strong>quod</strong></span> <span class='ocrx_word' id='word_1_122' title='bbox 923 1078 978 1108; x_wconf 93' lang='lat' dir='ltr'><strong>est</strong></span> <span class='ocrx_word' id='word_1_123' title='bbox 1003 1070 1041 1107; x_wconf 91' lang='lat' dir='ltr'><strong>in</strong></span> <span class='ocrx_word' id='word_1_124' title='bbox 1066 1070 1124 1108; x_wconf 85' lang='lat' dir='ltr'><strong>his</strong></span> <span class='ocrx_word' id='word_1_125' title='bbox 1151 1071 1326 1108; x_wconf 89' lang='lat' dir='ltr'><strong>uersibus</strong></span> <span class='ocrx_word' id='word_1_126' title='bbox 1350 1071 1570 1121; x_wconf 87' lang='lat' dir='ltr'><strong>pessimum,</strong></span> <span class='ocrx_word' id='word_1_127' title='bbox 1591 1069 1682 1107; x_wconf 90' lang='lat' dir='ltr'><strong>satis</strong></span> 
     </span>
     <span class='ocr_line' id='line_1_15' title="bbox 289 1134 1683 1187; baseline -0.001 -15"><span class='ocrx_word' id='word_1_128' title='bbox 289 1134 454 1174; x_wconf 88' lang='lat' dir='ltr'><strong>Manilio</strong></span> <span class='ocrx_word' id='word_1_129' title='bbox 470 1136 705 1174; x_wconf 89' lang='lat' dir='ltr'><strong>consulueris</strong></span> <span class='ocrx_word' id='word_1_130' title='bbox 726 1136 756 1174; x_wconf 91' lang='lat' dir='ltr'><strong>si</strong></span> <span class='ocrx_word' id='word_1_131' title='bbox 777 1149 848 1185; x_wconf 89' lang='lat' dir='ltr'><strong>pro</strong></span> <span class='ocrx_word' id='word_1_132' title='bbox 863 1137 966 1173; x_wconf 77' lang='lat' dir='ltr'><strong>uultu</strong></span> <span class='ocrx_word' id='word_1_133' title='bbox 980 1136 1179 1185; x_wconf 83' lang='lat' dir='ltr'><strong>scripseris</strong></span> <span class='ocrx_word' id='word_1_134' title='bbox 1194 1137 1334 1174; x_wconf 78' lang='lat' dir='ltr'><strong>uultum</strong></span> <span class='ocrx_word' id='word_1_135' title='bbox 1352 1136 1458 1187; x_wconf 88' lang='lat' dir='ltr'><strong>quod</strong></span> <span class='ocrx_word' id='word_1_136' title='bbox 1472 1135 1683 1174; x_wconf 86' lang='lat' dir='ltr'><strong>Stoeberus</strong></span> 
     </span>
     <span class='ocr_line' id='line_1_16' title="bbox 288 1201 1288 1251; baseline 0.001 -13"><span class='ocrx_word' id='word_1_137' title='bbox 288 1207 444 1239; x_wconf 89' lang='lat' dir='ltr'><strong>testatur</strong></span> <span class='ocrx_word' id='word_1_138' title='bbox 463 1202 501 1238; x_wconf 88' lang='lat' dir='ltr'><strong>in</strong></span> <span class='ocrx_word' id='word_1_139' title='bbox 523 1202 656 1239; x_wconf 91' lang='lat' dir='ltr'><strong>codice</strong></span> <span class='ocrx_word' id='word_1_140' title='bbox 677 1201 867 1251; x_wconf 86' lang='lat' dir='ltr'><strong>Lipsiensi</strong></span> <span class='ocrx_word' id='word_1_141' title='bbox 888 1201 1122 1251; x_wconf 87' lang='lat' dir='ltr'><strong>adscriptum</strong></span> <span class='ocrx_word' id='word_1_142' title='bbox 1145 1209 1288 1240; x_wconf 83' lang='lat' dir='ltr'><strong>extare.</strong></span> 
     </span>
    </p>

    <p class='ocr_par' dir='ltr' id='par_1_4' title="bbox 289 1266 1687 1710">
     <span class='ocr_line' id='line_1_17' title="bbox 343 1266 1684 1316; baseline -0.001 -12"><span class='ocrx_word' id='word_1_143' title='bbox 343 1267 405 1304; x_wconf 89' lang='lat' dir='ltr'><strong>Ex</strong></span> <span class='ocrx_word' id='word_1_144' title='bbox 425 1267 482 1305; x_wconf 90' lang='lat' dir='ltr'><strong>his</strong></span> <span class='ocrx_word' id='word_1_145' title='bbox 503 1273 664 1316; x_wconf 88' lang='lat' dir='ltr'><strong>apparet</strong></span> <span class='ocrx_word' id='word_1_146' title='bbox 684 1279 764 1305; x_wconf 90' lang='lat' dir='ltr'><strong>non</strong></span> <span class='ocrx_word' id='word_1_147' title='bbox 784 1267 1041 1316; x_wconf 83' lang='lat' dir='ltr'><strong>recipiendam</strong></span> <span class='ocrx_word' id='word_1_148' title='bbox 1071 1279 1154 1305; x_wconf 87' lang='lat' dir='ltr'><strong>esse</strong></span> <span class='ocrx_word' id='word_1_149' title='bbox 1183 1266 1346 1304; x_wconf 88' lang='lat' dir='ltr'><strong>Bentleii</strong></span> <span class='ocrx_word' id='word_1_150' title='bbox 1374 1266 1684 1305; x_wconf 76' lang='lat' dir='ltr'><strong>emendationem</strong></span> 
     </span>
     <span class='ocr_line' id='line_1_18' title="bbox 290 1332 1684 1382; baseline -0.002 -12"><span class='ocrx_word' id='word_1_151' title='bbox 290 1334 598 1370; x_wconf 70' lang='lat' dir='ltr'><strong>uicinas-moles</strong></span> <span class='ocrx_word' id='word_1_152' title='bbox 612 1346 626 1370; x_wconf 93' lang='grc'><strong>.·</strong></span> <span class='ocrx_word' id='word_1_153' title='bbox 657 1344 895 1382; x_wconf 85' lang='lat' dir='ltr'><strong>quamquam</strong></span> <span class='ocrx_word' id='word_1_154' title='bbox 916 1333 997 1382; x_wconf 89' lang='lat' dir='ltr'><strong>ipse</strong></span> <span class='ocrx_word' id='word_1_155' title='bbox 1018 1345 1098 1370; x_wconf 91' lang='lat' dir='ltr'><strong>non</strong></span> <span class='ocrx_word' id='word_1_156' title='bbox 1119 1332 1305 1370; x_wconf 91' lang='lat' dir='ltr'><strong>dubitauit</strong></span> <span class='ocrx_word' id='word_1_157' title='bbox 1325 1332 1413 1370; x_wconf 89' lang='lat' dir='ltr'><strong>huic</strong></span> <span class='ocrx_word' id='word_1_158' title='bbox 1434 1332 1488 1370; x_wconf 92' lang='lat' dir='ltr'><strong>sic</strong></span> <span class='ocrx_word' id='word_1_159' title='bbox 1510 1332 1684 1370; x_wconf 87' lang='lat' dir='ltr'><strong>insistere</strong></span> 
     </span>
     <span class='ocr_line' id='line_1_19' title="bbox 289 1395 1686 1447; baseline -0.001 -12"><span class='ocrx_word' id='word_1_160' title='bbox 289 1405 330 1435; x_wconf 94' lang='lat' dir='ltr'><strong>ut</strong></span> <span class='ocrx_word' id='word_1_161' title='bbox 356 1395 513 1436; x_wconf 89' lang='lat' dir='ltr'><strong>causam</strong></span> <span class='ocrx_word' id='word_1_162' title='bbox 540 1398 631 1435; x_wconf 89' lang='lat' dir='ltr'><strong>inde</strong></span> <span class='ocrx_word' id='word_1_163' title='bbox 661 1399 815 1436; x_wconf 90' lang='lat' dir='ltr'><strong>duceret</strong></span> <span class='ocrx_word' id='word_1_164' title='bbox 840 1409 904 1435; x_wconf 91' lang='lat' dir='ltr'><strong>uu.</strong></span> <span class='ocrx_word' id='word_1_165' title='bbox 930 1400 1019 1445; x_wconf 86' lang='lat'>428,</span> <span class='ocrx_word' id='word_1_166' title='bbox 1044 1411 1066 1447; x_wconf 88' lang='lat'>9</span> <span class='ocrx_word' id='word_1_167' title='bbox 1092 1398 1358 1447; x_wconf 87' lang='lat' dir='ltr'><strong>impugnandi.</strong></span> <span class='ocrx_word' id='word_1_168' title='bbox 1417 1398 1495 1445; x_wconf 86' lang='lat' dir='ltr'><strong>Qui</strong></span> <span class='ocrx_word' id='word_1_169' title='bbox 1515 1397 1546 1435; x_wconf 89' lang='lat' dir='ltr'><strong>si</strong></span> <span class='ocrx_word' id='word_1_170' title='bbox 1567 1396 1686 1446; x_wconf 88' lang='lat' dir='ltr'><strong>spurii</strong></span> 
     </span>
     <span class='ocr_line' id='line_1_20' title="bbox 290 1463 1685 1513; baseline -0.001 -13"><span class='ocrx_word' id='word_1_171' title='bbox 290 1471 390 1509; x_wconf 89' lang='lat' dir='ltr'><strong>sunt,</strong></span> <span class='ocrx_word' id='word_1_172' title='bbox 410 1471 452 1501; x_wconf 89' lang='lat' dir='ltr'><strong>ut</strong></span> <span class='ocrx_word' id='word_1_173' title='bbox 471 1470 633 1513; x_wconf 88' lang='lat' dir='ltr'><strong>possunt</strong></span> <span class='ocrx_word' id='word_1_174' title='bbox 651 1476 746 1509; x_wconf 88' lang='lat' dir='ltr'><strong>esse,</strong></span> <span class='ocrx_word' id='word_1_175' title='bbox 767 1464 858 1500; x_wconf 86' lang='lat' dir='ltr'><strong>satis</strong></span> <span class='ocrx_word' id='word_1_176' title='bbox 883 1476 930 1500; x_wconf 88' lang='lat' dir='ltr'><strong>ex</strong></span> <span class='ocrx_word' id='word_1_177' title='bbox 952 1476 992 1500; x_wconf 86' lang='lat' dir='ltr'><strong>se</strong></span> <span class='ocrx_word' id='word_1_178' title='bbox 1013 1463 1158 1501; x_wconf 89' lang='lat' dir='ltr'><strong>habent</strong></span> <span class='ocrx_word' id='word_1_179' title='bbox 1179 1476 1247 1501; x_wconf 91' lang='lat' dir='ltr'><strong>cur</strong></span> <span class='ocrx_word' id='word_1_180' title='bbox 1266 1464 1501 1501; x_wconf 87' lang='lat' dir='ltr'><strong>damnentur</strong></span> <span class='ocrx_word' id='word_1_181' title='bbox 1517 1476 1526 1509; x_wconf 89' lang='lat'>;</span> <span class='ocrx_word' id='word_1_182' title='bbox 1557 1474 1685 1512; x_wconf 91' lang='lat' dir='ltr'><strong>neque</strong></span> 
     </span>
     <span class='ocr_line' id='line_1_21' title="bbox 290 1527 1687 1567; baseline -0.001 -1"><span class='ocrx_word' id='word_1_183' title='bbox 290 1529 338 1566; x_wconf 88' lang='lat' dir='ltr'><strong>ad</strong></span> <span class='ocrx_word' id='word_1_184' title='bbox 354 1529 391 1566; x_wconf 92' lang='lat' dir='ltr'><strong>id</strong></span> <span class='ocrx_word' id='word_1_185' title='bbox 406 1529 752 1567; x_wconf 87' lang='lat' dir='ltr'><strong>demonstrandum</strong></span> <span class='ocrx_word' id='word_1_186' title='bbox 775 1529 994 1566; x_wconf 89' lang='lat' dir='ltr'><strong>adhibenda</strong></span> <span class='ocrx_word' id='word_1_187' title='bbox 1009 1536 1088 1566; x_wconf 92' lang='lat' dir='ltr'><strong>erat</strong></span> <span class='ocrx_word' id='word_1_188' title='bbox 1102 1529 1247 1566; x_wconf 91' lang='lat' dir='ltr'><strong>incerta</strong></span> <span class='ocrx_word' id='word_1_189' title='bbox 1267 1536 1304 1566; x_wconf 91' lang='lat' dir='ltr'><strong>et</strong></span> <span class='ocrx_word' id='word_1_190' title='bbox 1325 1541 1347 1566; x_wconf 88' lang='lat' dir='ltr'><strong>a</strong></span> <span class='ocrx_word' id='word_1_191' title='bbox 1367 1541 1461 1566; x_wconf 88' lang='lat' dir='ltr'><strong>uero</strong></span> <span class='ocrx_word' id='word_1_192' title='bbox 1475 1527 1687 1566; x_wconf 84' lang='lat' dir='ltr'><strong>abhorrens</strong></span> 
     </span>
     <span class='ocr_line' id='line_1_22' title="bbox 291 1593 1684 1644; baseline -0.002 -11"><span class='ocrx_word' id='word_1_193' title='bbox 291 1595 508 1633; x_wconf 89' lang='lat' dir='ltr'><strong>emendatio</strong></span> <span class='ocrx_word' id='word_1_194' title='bbox 544 1594 717 1632; x_wconf 90' lang='lat' dir='ltr'><strong>Bentleii.</strong></span> <span class='ocrx_word' id='word_1_195' title='bbox 786 1594 886 1632; x_wconf 91' lang='lat' dir='ltr'><strong>Illud</strong></span> <span class='ocrx_word' id='word_1_196' title='bbox 918 1602 1049 1632; x_wconf 86' lang='lat' dir='ltr'><strong>tamen</strong></span> <span class='ocrx_word' id='word_1_197' title='bbox 1088 1606 1244 1638; x_wconf 92' lang='lat' dir='ltr'><strong>censeo,</strong></span> <span class='ocrx_word' id='word_1_198' title='bbox 1278 1594 1308 1632; x_wconf 92' lang='lat' dir='ltr'><strong>si</strong></span> <span class='ocrx_word' id='word_1_199' title='bbox 1341 1593 1561 1644; x_wconf 89' lang='lat' dir='ltr'><strong>interpolati</strong></span> <span class='ocrx_word' id='word_1_200' title='bbox 1596 1593 1684 1639; x_wconf 89' lang='lat' dir='ltr'><strong>sint,</strong></span> 
     </span>
     <span class='ocr_line' id='line_1_23' title="bbox 290 1659 1522 1710; baseline -0.002 -11"><span class='ocrx_word' id='word_1_201' title='bbox 290 1661 509 1699; x_wconf 87' lang='lat' dir='ltr'><strong>orationem</strong></span> <span class='ocrx_word' id='word_1_202' title='bbox 528 1667 678 1709; x_wconf 89' lang='lat' dir='ltr'><strong>praeter</strong></span> <span class='ocrx_word' id='word_1_203' title='bbox 699 1660 854 1698; x_wconf 91' lang='lat' dir='ltr'><strong>solitum</strong></span> <span class='ocrx_word' id='word_1_204' title='bbox 875 1661 1079 1709; x_wconf 89' lang='lat' dir='ltr'><strong>abruptam</strong></span> <span class='ocrx_word' id='word_1_205' title='bbox 1098 1668 1135 1697; x_wconf 90' lang='lat' dir='ltr'><strong>et</strong></span> <span class='ocrx_word' id='word_1_206' title='bbox 1158 1661 1371 1710; x_wconf 89' lang='lat' dir='ltr'><strong>praecisam</strong></span> <span class='ocrx_word' id='word_1_207' title='bbox 1391 1659 1522 1697; x_wconf 90' lang='lat' dir='ltr'><strong>fuisse.</strong></span> 
     </span>
    </p>

    <p class='ocr_par' dir='ltr' id='par_1_5' title="bbox 290 1725 1693 2169">
     <span class='ocr_line' id='line_1_24' title="bbox 345 1725 1690 1771; baseline -0.002 -8"><span class='ocrx_word' id='word_1_208' title='bbox 345 1726 454 1771; x_wconf 91' lang='lat' dir='ltr'><strong>Loci,</strong></span> <span class='ocrx_word' id='word_1_209' title='bbox 475 1732 516 1763; x_wconf 91' lang='lat' dir='ltr'><strong>ut</strong></span> <span class='ocrx_word' id='word_1_210' title='bbox 535 1738 568 1763; x_wconf 89' lang='lat' dir='ltr'><strong>·a</strong></span> <span class='ocrx_word' id='word_1_211' title='bbox 596 1737 659 1762; x_wconf 89' lang='lat' dir='ltr'><strong>me</strong></span> <span class='ocrx_word' id='word_1_212' title='bbox 688 1725 840 1763; x_wconf 86' lang='lat' dir='ltr'><strong>refictus</strong></span> <span class='ocrx_word' id='word_1_213' title='bbox 870 1732 938 1771; x_wconf 87' lang='lat' dir='ltr'><strong>est,</strong></span> <span class='ocrx_word' id='word_1_214' title='bbox 958 1725 1053 1763; x_wconf 90' lang='lat' dir='ltr'><strong>haec</strong></span> <span class='ocrx_word' id='word_1_215' title='bbox 1083 1725 1150 1763; x_wconf 89' lang='lat' dir='ltr'><strong>erit</strong></span> <span class='ocrx_word' id='word_1_216' title='bbox 1179 1733 1391 1763; x_wconf 88' lang='lat' dir='ltr'><strong>structura:</strong></span> <span class='ocrx_word' id='word_1_217' title='bbox 1420 1737 1501 1762; x_wconf 86' lang='lat' dir='ltr'><strong>cum</strong></span> <span class='ocrx_word' id='word_1_218' title='bbox 1528 1727 1690 1761; x_wconf 83' lang='lat' dir='ltr'><strong>cerneret</strong></span> 
     </span>
     <span class='ocr_line' id='line_1_25' title="bbox 291 1788 1693 1842; baseline -0.002 -13"><span class='ocrx_word' id='word_1_219' title='bbox 291 1792 470 1829; x_wconf 77' lang='lat' dir='ltr'><strong>montibus</strong></span> <span class='ocrx_word' id='word_1_220' title='bbox 487 1795 653 1840; x_wconf 77' lang='lat' dir='ltr'><strong>aggeslos</strong></span> <span class='ocrx_word' id='word_1_221' title='bbox 672 1803 829 1828; x_wconf 80' lang='lat' dir='ltr'><strong>crescere</strong></span> <span class='ocrx_word' id='word_1_222' title='bbox 848 1795 991 1836; x_wconf 76' lang='lat' dir='ltr'><strong>montes,</strong></span> <span class='ocrx_word' id='word_1_223' title='bbox 1012 1795 1045 1828; x_wconf 82' lang='lat' dir='ltr'><strong>el</strong></span> <span class='ocrx_word' id='word_1_224' title='bbox 1061 1788 1252 1842; x_wconf 80' lang='lat' dir='ltr'><strong>(cerneret)</strong></span> <span class='ocrx_word' id='word_1_225' title='bbox 1272 1791 1394 1828; x_wconf 75' lang='lat' dir='ltr'><strong>sidera</strong></span> <span class='ocrx_word' id='word_1_226' title='bbox 1398 1790 1595 1840; x_wconf 73' lang='lat' dir='ltr'><strong>fitgz&#39;enlz&#39;a</strong></span> <span class='ocrx_word' id='word_1_227' title='bbox 1609 1790 1693 1826; x_wconf 80' lang='lat' dir='ltr'><em>tolli</em></span> 
     </span>
     <span class='ocr_line' id='line_1_26' title="bbox 290 1844 1689 1906; baseline -0.002 -12"><span class='ocrx_word' id='word_1_228' title='bbox 290 1862 366 1894; x_wconf 84' lang='lat' dir='ltr'><strong>lam</strong></span> <span class='ocrx_word' id='word_1_229' title='bbox 397 1844 536 1894; x_wconf 68' lang='lat' dir='ltr'><strong>uicir‘zos</strong></span> <span class='ocrx_word' id='word_1_230' title='bbox 564 1854 772 1906; x_wconf 63' lang='lat' dir='ltr'><strong>(gygantes)</strong></span> <span class='ocrx_word' id='word_1_231' title='bbox 801 1861 938 1893; x_wconf 80' lang='lat' dir='ltr'><strong>creatos</strong></span> <span class='ocrx_word' id='word_1_232' title='bbox 966 1868 1016 1893; x_wconf 83' lang='lat' dir='ltr'><strong>ex</strong></span> <span class='ocrx_word' id='word_1_233' title='bbox 1045 1860 1156 1904; x_wconf 76' lang='lat' dir='ltr'><strong>rupta</strong></span> <span class='ocrx_word' id='word_1_234' title='bbox 1185 1861 1315 1901; x_wconf 78' lang='lat' dir='ltr'><strong>matre,</strong></span> <span class='ocrx_word' id='word_1_235' title='bbox 1339 1860 1476 1904; x_wconf 80' lang='lat' dir='ltr'><strong>partus</strong></span> <span class='ocrx_word' id='word_1_236' title='bbox 1504 1855 1689 1892; x_wconf 79' lang='lat' dir='ltr'><strong>discordes</strong></span> 
     </span>
     <span class='ocr_line' id='line_1_27' title="bbox 291 1920 1690 1972; baseline -0.003 -12"><span class='ocrx_word' id='word_1_237' title='bbox 291 1924 433 1960; x_wconf 87' lang='lat' dir='ltr'><strong>uullum</strong></span> <span class='ocrx_word' id='word_1_238' title='bbox 446 1923 710 1971; x_wconf 77' lang='lat' dir='ltr'><strong>permixtaque</strong></span> <span class='ocrx_word' id='word_1_239' title='bbox 728 1928 895 1971; x_wconf 82' lang='lat' dir='ltr'><strong>corpora.</strong></span> <span class='ocrx_word' id='word_1_240' title='bbox 930 1921 977 1958; x_wconf 93' lang='lat' dir='ltr'><strong>In</strong></span> <span class='ocrx_word' id='word_1_241' title='bbox 997 1921 1136 1970; x_wconf 87' lang='lat' dir='ltr'><strong>quibus</strong></span> <span class='ocrx_word' id='word_1_242' title='bbox 1139 1920 1336 1972; x_wconf 77' lang='lat' dir='ltr'><strong>fugientia</strong></span> <span class='ocrx_word' id='word_1_243' title='bbox 1356 1921 1439 1958; x_wconf 76' lang='lat' dir='ltr'><strong>tolli</strong></span> <span class='ocrx_word' id='word_1_244' title='bbox 1452 1925 1527 1957; x_wconf 76' lang='lat' dir='ltr'><strong>lam</strong></span> <span class='ocrx_word' id='word_1_245' title='bbox 1549 1921 1690 1957; x_wconf 76' lang='lat' dir='ltr'><strong>uicinos</strong></span> 
     </span>
     <span class='ocr_line' id='line_1_28' title="bbox 291 1985 1688 2037; baseline -0.002 -12"><span class='ocrx_word' id='word_1_246' title='bbox 291 1995 348 2026; x_wconf 89' lang='lat' dir='ltr'><strong>est</strong></span> <span class='ocrx_word' id='word_1_247' title='bbox 378 1988 550 2025; x_wconf 89' lang='lat' dir='ltr'><strong>nolentia</strong></span> <span class='ocrx_word' id='word_1_248' title='bbox 575 1994 655 2024; x_wconf 90' lang='lat' dir='ltr'><strong>tam</strong></span> <span class='ocrx_word' id='word_1_249' title='bbox 680 1999 802 2037; x_wconf 87' lang='lat' dir='ltr'><strong>prope</strong></span> <span class='ocrx_word' id='word_1_250' title='bbox 827 1987 969 2032; x_wconf 85' lang='lat' dir='ltr'><strong>extolli,</strong></span> <span class='ocrx_word' id='word_1_251' title='bbox 991 1993 1178 2024; x_wconf 87' lang='lat' dir='ltr'><strong>structura</strong></span> <span class='ocrx_word' id='word_1_252' title='bbox 1208 1998 1296 2024; x_wconf 90' lang='lat' dir='ltr'><strong>cum</strong></span> <span class='ocrx_word' id='word_1_253' title='bbox 1317 1986 1505 2024; x_wconf 89' lang='lat' dir='ltr'><strong>infinitiuo</strong></span> <span class='ocrx_word' id='word_1_254' title='bbox 1534 1985 1688 2035; x_wconf 90' lang='lat' dir='ltr'><strong>passiui,</strong></span> 
     </span>
     <span class='ocr_line' id='line_1_29' title="bbox 294 2050 1689 2104; baseline -0.002 -13"><span class='ocrx_word' id='word_1_255' title='bbox 294 2054 428 2104; x_wconf 89' lang='lat' dir='ltr'><strong>quales</strong></span> <span class='ocrx_word' id='word_1_256' title='bbox 448 2053 516 2091; x_wconf 89' lang='lat' dir='ltr'><strong>sed</strong></span> <span class='ocrx_word' id='word_1_257' title='bbox 536 2053 575 2090; x_wconf 89' lang='lat' dir='ltr'><strong>in</strong></span> <span class='ocrx_word' id='word_1_258' title='bbox 595 2053 722 2091; x_wconf 89' lang='lat' dir='ltr'><strong>actiuo</strong></span> <span class='ocrx_word' id='word_1_259' title='bbox 742 2053 883 2090; x_wconf 86' lang='lat' dir='ltr'><strong>multae</strong></span> <span class='ocrx_word' id='word_1_260' title='bbox 904 2053 1065 2090; x_wconf 90' lang='lat' dir='ltr'><strong>citantur</strong></span> <span class='ocrx_word' id='word_1_261' title='bbox 1080 2051 1184 2102; x_wconf 89' lang='lat' dir='ltr'><strong>apud</strong></span> <span class='ocrx_word' id='word_1_262' title='bbox 1203 2051 1447 2101; x_wconf 84' lang='lat' dir='ltr'><strong>Draegerum</strong></span> <span class='ocrx_word' id='word_1_263' title='bbox 1464 2051 1566 2090; x_wconf 89' lang='lat' dir='ltr'><strong>Hist.</strong></span> <span class='ocrx_word' id='word_1_264' title='bbox 1582 2050 1689 2100; x_wconf 88' lang='lat' dir='ltr'><strong>Synt.</strong></span> 
     </span>
     <span class='ocr_line' id='line_1_30' title="bbox 293 2120 496 2169; baseline -0.005 -12"><span class='ocrx_word' id='word_1_265' title='bbox 293 2120 328 2157; x_wconf 90' lang='lat' dir='ltr'><strong>ii.</strong></span> <span class='ocrx_word' id='word_1_266' title='bbox 349 2132 384 2169; x_wconf 90' lang='lat' dir='ltr'><strong>p.</strong></span> <span class='ocrx_word' id='word_1_267' title='bbox 407 2131 496 2167; x_wconf 83' lang='lat'><strong>323.</strong></span> 
     </span>
    </p>

    <p class='ocr_par' dir='ltr' id='par_1_6' title="bbox 346 2185 474 2232">
     <span class='ocr_line' id='line_1_31' title="bbox 346 2185 474 2232; baseline -0.016 -9"><span class='ocrx_word' id='word_1_268' title='bbox 346 2185 377 2223; x_wconf 87' lang='lat' dir='ltr'><strong>I.</strong></span> <span class='ocrx_word' id='word_1_269' title='bbox 399 2186 474 2232; x_wconf 89' lang='lat'><strong>466</strong></span> 
     </span>
    </p>

    <p class='ocr_par' dir='ltr' id='par_1_7' title="bbox 457 2247 1583 2364">
     <span class='ocr_line' id='line_1_32' title="bbox 457 2247 1438 2299; baseline 0 -13"><span class='ocrx_word' id='word_1_270' title='bbox 457 2248 579 2287; x_wconf 89' lang='lat' dir='ltr'><strong>Linea</strong></span> <span class='ocrx_word' id='word_1_271' title='bbox 609 2249 783 2299; x_wconf 87' lang='lat' dir='ltr'><strong>designat</strong></span> <span class='ocrx_word' id='word_1_272' title='bbox 812 2249 971 2299; x_wconf 81' lang='lat' dir='ltr'><strong>species,</strong></span> <span class='ocrx_word' id='word_1_273' title='bbox 1002 2254 1116 2299; x_wconf 91' lang='lat' dir='ltr'><strong>atque</strong></span> <span class='ocrx_word' id='word_1_274' title='bbox 1145 2247 1299 2298; x_wconf 86' lang='lat' dir='ltr'><strong>ignibus</strong></span> <span class='ocrx_word' id='word_1_275' title='bbox 1328 2248 1438 2297; x_wconf 83' lang='lat' dir='ltr'><strong>ignes</strong></span> 
     </span>
     <span class='ocr_line' id='line_1_33' title="bbox 457 2312 1583 2364; baseline -0.003 -12"><span class='ocrx_word' id='word_1_276' title='bbox 457 2314 722 2364; x_wconf 89' lang='lat' dir='ltr'><strong>Respondent,</strong></span> <span class='ocrx_word' id='word_1_277' title='bbox 752 2315 880 2352; x_wconf 90' lang='lat' dir='ltr'><strong>media</strong></span> <span class='ocrx_word' id='word_1_278' title='bbox 909 2315 1088 2352; x_wconf 85' lang='lat' dir='ltr'><strong>extremis</strong></span> <span class='ocrx_word' id='word_1_279' title='bbox 1117 2321 1230 2363; x_wconf 89' lang='lat' dir='ltr'><strong>atque</strong></span> <span class='ocrx_word' id='word_1_280' title='bbox 1259 2314 1394 2350; x_wconf 86' lang='lat' dir='ltr'><strong>ultima</strong></span> <span class='ocrx_word' id='word_1_281' title='bbox 1422 2312 1583 2351; x_wconf 89' lang='lat' dir='ltr'><strong>summis</strong></span> 
     </span>
    </p>
   </div>
   <div class='ocr_carea' id='block_1_3' title="bbox 455 2378 1583 2465">
    <p class='ocr_par' dir='ltr' id='par_1_8' title="bbox 455 2378 1583 2465">
     <span class='ocr_line' id='line_1_34' title="bbox 455 2378 1465 2426; baseline -0.001 -9"><span class='ocrx_word' id='word_1_282' title='bbox 455 2379 695 2426; x_wconf 81' lang='lat' dir='ltr'><strong>Creduntur3</strong></span> <span class='ocrx_word' id='word_1_283' title='bbox 726 2380 816 2417; x_wconf 88' lang='lat' dir='ltr'><strong>satis</strong></span> <span class='ocrx_word' id='word_1_284' title='bbox 845 2387 901 2417; x_wconf 87' lang='lat' dir='ltr'><strong>est</strong></span> <span class='ocrx_word' id='word_1_285' title='bbox 931 2381 961 2417; x_wconf 90' lang='lat' dir='ltr'><strong>si</strong></span> <span class='ocrx_word' id='word_1_286' title='bbox 991 2392 1031 2417; x_wconf 90' lang='lat' dir='ltr'><strong>se</strong></span> <span class='ocrx_word' id='word_1_287' title='bbox 1061 2391 1140 2418; x_wconf 91' lang='lat' dir='ltr'><strong>non</strong></span> <span class='ocrx_word' id='word_1_288' title='bbox 1169 2379 1299 2417; x_wconf 89' lang='lat' dir='ltr'><strong>omnia</strong></span> <span class='ocrx_word' id='word_1_289' title='bbox 1329 2378 1465 2416; x_wconf 87' lang='lat' dir='ltr'><strong>celant.</strong></span> 
     </span>
     <span class='ocr_line' id='line_1_35' title="bbox 726 2431 1583 2465; baseline -0.002 -2"><span class='ocrx_word' id='word_1_290' title='bbox 726 2433 854 2465; x_wconf 87' lang='lat' dir='ltr'><strong>mediae</strong></span> <span class='ocrx_word' id='word_1_291' title='bbox 872 2433 992 2465; x_wconf 82' lang='lat' dir='ltr'><strong>Gembl.</strong></span> <span class='ocrx_word' id='word_1_292' title='bbox 1316 2431 1445 2463; x_wconf 90' lang='lat' dir='ltr'><strong>caelant</strong></span> <span class='ocrx_word' id='word_1_293' title='bbox 1464 2431 1583 2462; x_wconf 77' lang='lat' dir='ltr'><strong>Gcmbl,</strong></span> 
     </span>
    </p>
   </div>
   <div class='ocr_carea' id='block_1_4' title="bbox 297 2486 1693 2604">
    <p class='ocr_par' dir='ltr' id='par_1_9' title="bbox 297 2486 1693 2604">
     <span class='ocr_line' id='line_1_36' title="bbox 350 2486 1691 2537; baseline -0.001 -11"><span class='ocrx_word' id='word_1_294' title='bbox 350 2488 444 2526; x_wconf 89' lang='lat' dir='ltr'><strong>Vult</strong></span> <span class='ocrx_word' id='word_1_295' title='bbox 464 2488 592 2526; x_wconf 86' lang='lat' dir='ltr'><strong>stellas</strong></span> <span class='ocrx_word' id='word_1_296' title='bbox 611 2488 781 2526; x_wconf 88' lang='lat' dir='ltr'><strong>lineatim</strong></span> <span class='ocrx_word' id='word_1_297' title='bbox 801 2495 949 2526; x_wconf 90' lang='lat' dir='ltr'><strong>tantum</strong></span> <span class='ocrx_word' id='word_1_298' title='bbox 971 2495 1006 2526; x_wconf 93' lang='lat' dir='ltr'><strong>et</strong></span> <span class='ocrx_word' id='word_1_299' title='bbox 1027 2490 1064 2525; x_wconf 83' lang='grc' dir='ltr'><strong>ἐν</strong></span> <span class='ocrx_word' id='word_1_300' title='bbox 1081 2488 1176 2537; x_wconf 80' lang='grc' dir='ltr'>τύπῳ</span> <span class='ocrx_word' id='word_1_301' title='bbox 1195 2487 1338 2526; x_wconf 89' lang='lat' dir='ltr'><strong>formas</strong></span> <span class='ocrx_word' id='word_1_302' title='bbox 1367 2498 1505 2532; x_wconf 90' lang='lat' dir='ltr'><strong>rerum,</strong></span> <span class='ocrx_word' id='word_1_303' title='bbox 1526 2486 1691 2524; x_wconf 88' lang='lat' dir='ltr'><strong>ferarum</strong></span> 
     </span>
     <span class='ocr_line' id='line_1_37' title="bbox 297 2551 1693 2604; baseline -0.002 -13"><span class='ocrx_word' id='word_1_304' title='bbox 297 2553 498 2592; x_wconf 88' lang='lat' dir='ltr'><strong>uolucrum</strong></span> <span class='ocrx_word' id='word_1_305' title='bbox 545 2554 758 2601; x_wconf 87' lang='lat' dir='ltr'><strong>hominum,</strong></span> <span class='ocrx_word' id='word_1_306' title='bbox 809 2560 1118 2604; x_wconf 81' lang='lat' dir='ltr'><strong>repraesentare:</strong></span> <span class='ocrx_word' id='word_1_307' title='bbox 1168 2554 1218 2591; x_wconf 91' lang='lat' dir='ltr'><strong>ab</strong></span> <span class='ocrx_word' id='word_1_308' title='bbox 1265 2553 1445 2591; x_wconf 81' lang='lat' dir='ltr'><strong>extremis</strong></span> <span class='ocrx_word' id='word_1_309' title='bbox 1492 2551 1629 2597; x_wconf 84' lang='lat' dir='ltr'><strong>media,</strong></span> <span class='ocrx_word' id='word_1_310' title='bbox 1670 2564 1693 2589; x_wconf 87' lang='lat' dir='ltr'><strong>a</strong></span> 
     </span>
    </p>
   </div>
  </div>
 </body>
</html>
