1786 2878
824 124 884 155 JV
1462 123 1539 168 153

211 229 456 268 Gronouium
480 230 543 267 diu
563 229 602 267 in
622 230 678 267 die
697 235 909 267 mutantem
929 228 993 266 uix
1013 228 1153 279 poterit
1176 227 1282 278 sequi
1303 227 1368 277 qui
1388 227 1463 273 dtu,
1485 228 1542 263 die

157 307 238 334 non
270 296 389 334 semel
416 296 514 334 inter
539 307 579 333 se
607 301 792 344 tanquam
819 295 1010 332 contraria
1038 294 1184 343 opponi
1211 293 1391 343 reputarit
1420 293 1542 329 Plaut.

155 360 260 398 Pers.
280 361 316 398 ii.
337 374 372 410 3.
397 373 442 398 12
473 361 558 398 Diu
585 362 682 410 quod
699 361 781 398 bene
805 362 884 406 erit,
905 361 962 396 die
990 373 1060 396 uno
1086 360 1306 402 absoluam;
1335 370 1462 407 neque
1490 357 1542 394 ita

155 425 264 463 facile
284 439 353 476 per
372 426 690 476 palaeographiae
712 426 816 475 leges
836 426 891 462 die
911 426 949 462 in
970 414 1033 462 diu
1052 425 1244 462 inmutari.
1295 423 1379 461 Diu
1400 424 1460 460 hic
1482 423 1542 460 in-

155 490 322 528 solenter
337 492 504 541 positurn
519 492 680 536 uidetur,
695 498 738 528 ut
754 490 941 539 significet
955 490 993 527 in
1009 490 1126 539 longo
1142 490 1275 527 ordine
1292 489 1542 527 saeculorum.

157 554 219 593 Sic
250 563 287 593 et
318 568 341 593 a
374 556 613 595 Maximiano
645 563 869 605 usurpatum
899 561 955 593 est
980 555 1010 592 Ι.
1044 565 1115 603 271
1148 554 1294 591 Fracta
1325 555 1389 591 diu
1419 553 1547 591 rabidi

153 622 376 669 conpescitur
395 623 457 658 ira
477 623 597 668 leonis,
619 621 804 670 Lentaque
819 628 892 670 per
913 622 1050 657 senium
1075 620 1215 669 Caspia
1242 621 1355 669 tigris
1374 620 1454 665 erit,
1477 619 1543 656 ubi

155 687 211 722 die
249 685 507 724 Ommerenus
544 693 582 724 et
623 693 713 736 post
749 698 837 723 eum
881 685 1135 723 Baehrensius
1174 693 1210 723 et
1253 685 1542 734 Petschenigius

154 751 394 790 maluerunt:
424 752 491 790 sed
510 753 574 789 diu
588 759 754 801 praestat
767 758 803 789 et
819 751 1025 789 Etonensis
1045 751 1168 790 codex
1185 751 1353 801 optimus
1373 758 1410 789 et
1429 751 1543 789 ceteri

154 817 322 855 codices.

209 881 348 920 Melius
377 894 438 920 me
467 882 589 921 iudice
616 882 782 921 Huetius
811 883 935 920 uersui
967 885 1042 928 824
1074 882 1263 920 consuluit
1291 882 1434 931 scripto
1462 880 1544 918 ll'ec

153 959 225 997 pro
245 947 304 984 Et
327 960 444 997 quam
474 947 670 986 Bentleius
696 949 901 986 subsistunt
925 948 962 984 in
986 948 1169 984 absistunt
1194 947 1391 985 mutando.
1449 947 1542 984 Non

153 1024 240 1050 raro
260 1012 320 1050 hic
341 1025 445 1051 error
460 1013 614 1051 codices
633 1014 772 1051 inuasit
791 1020 832 1050 ut
851 1014 1029 1062 negatiua
1049 1012 1232 1063 particula
1252 1013 1401 1051 cederet
1421 1013 1460 1049 in
1476 1012 1542 1049 ad-

154 1078 396 1116 firmatiuam.
451 1078 555 1116 Nam
574 1080 777 1116 subsistunt
798 1079 951 1129 quidem
972 1079 1057 1128 quis
1081 1091 1159 1115 non
1180 1078 1282 1115 uidet
1303 1079 1447 1127 optime
1468 1078 1542 1115 dici

154 1143 202 1180 de
222 1143 323 1181 aruis
335 1156 432 1193 quae
453 1144 614 1194 imparia
634 1151 721 1182 sunt
741 1144 898 1182 ferendo
919 1144 1128 1194 quotannis
1150 1143 1269 1181 fetui?
1313 1144 1541 1181 Rectissime

156 1208 359 1246 Stoeberus
379 1210 428 1246 ad
449 1211 538 1259 819,
562 1212 639 1247 820
660 1210 883 1259 prouocauit
903 1215 1014 1246 certos
1032 1210 1120 1258 quia
1141 1210 1323 1246 delassata
1334 1216 1406 1258 per
1427 1222 1543 1246 annos

152 1272 431 1323 Nonnunquam
460 1280 603 1312 cessant
628 1276 751 1312 sterili
773 1277 953 1323 torpentia
984 1279 1089 1311 motu.
1150 1273 1264 1312 Ouid.
1295 1274 1406 1312 Pont.
1430 1275 1477 1311 iii.
1506 1287 1542 1320 4.

155 1341 205 1387 83
226 1339 304 1376 Res
323 1353 458 1388 quoque
484 1341 692 1390 tantasuit,
714 1345 872 1389 quantae
891 1341 1080 1377 subsistere
1106 1353 1245 1377 summo
1265 1339 1443 1376 Aeneidos
1463 1341 1548 1376 uati

149 1405 296 1453 grande
298 1406 445 1455 fuisset
469 1419 569 1442 onus.
626 1406 764 1443 Auian.
786 1405 879 1442 Fab.
901 1406 973 1443 xvi.
1000 1419 1046 1454 19
1063 1404 1169 1442 Ilaec
1188 1418 1253 1442 nos
1274 1406 1371 1442 dicta
1401 1410 1544 1442 monent

154 1471 303 1518 magnis
335 1470 524 1507 subsistere
540 1472 690 1521 fluxa,·
733 1483 823 1508 nam
856 1471 1045 1508 subsistere
1064 1477 1121 1508 est
1149 1471 1188 1507 in
1218 1470 1303 1508 cod.
1329 1470 1542 1508 Bodleiano

154 1547 269 1585 quem
294 1534 327 1572 O
348 1536 490 1582 notaui,
513 1536 678 1573 obsistere
705 1536 743 1573 in
763 1537 909 1574 ceteris.

208 1600 276 1638 IV.
302 1602 380 1648 830

315 1665 366 1703 Et
393 1667 515 1704 uomit
545 1666 725 1705 Oceanus
753 1674 917 1716 pontum
947 1667 1155 1716 sitiensque
1185 1666 1350 1712 resoluit,

153 1731 313 1769 fortasse
342 1733 500 1769 resorbz't
525 1733 781 1780 scribendum,
812 1745 892 1770 non
920 1734 1085 1770 resorbet.
1145 1732 1262 1770 Prisc.
1291 1732 1313 1768 i.
1345 1745 1417 1780 491
1453 1732 1541 1769 Keil

154 1795 287 1834 Sorbeo
310 1798 368 1834 uel
384 1799 491 1834 etiam
511 1798 626 1845 sorbo,
648 1803 690 1835 ut
706 1799 832 1836 Probo
850 1800 982 1847 placet,
1003 1800 1130 1847 sorpsi
1148 1799 1207 1834 uel
1229 1798 1364 1835 sorbui.
1422 1797 1542 1844 Quod

153 1862 192 1898 in
213 1861 396 1900 German.
417 1863 522 1900 Arat.
543 1863 683 1913 Progn.
704 1864 752 1901 iii.
780 1877 826 1910 14
848 1864 1004 1902 codices
1024 1863 1254 1901 Basileensis
1281 1870 1318 1901 et
1347 1863 1540 1901 Parisinus

152 1925 338 1976 Breysigii
367 1927 458 1965 dant
492 1928 634 1978 Incipit
660 1931 838 1978 agricolis
871 1931 911 1966 in
948 1931 1095 1977 uirgine
1127 1929 1268 1965 sorbere
1304 1934 1388 1965 uota
1425 1929 1463 1965 id
1502 1929 1540 1965 in

152 1991 374 2030 Strozziano
394 1993 530 2032 melius
560 1995 611 2032 sic
642 1995 824 2044 scriptum
850 2002 906 2032 est
928 1996 1074 2031 soluere.
1129 1995 1355 2031 Absorbitur
1376 1994 1541 2032 Serenus

153 2057 422 2097 Sammonicus
445 2061 523 2106 460
543 2060 581 2096 in
602 2059 824 2098 Baehrensii
845 2060 886 2098 P.
910 2059 953 2097 L.
975 2059 1031 2096 M.
1051 2059 1099 2096 iii.
1118 2072 1156 2109 p.
1181 2061 1268 2097 228.

206 2123 276 2160 IV.
299 2125 388 2171 848,
411 2126 486 2173 849
506 2125 558 2163 sic
579 2132 710 2162 extant
731 2126 770 2162 in
791 2125 943 2163 Gembl.

313 2190 402 2238 Ipsa
431 2190 544 2228 docet
573 2191 701 2228 titulos
730 2203 867 2228 causae
897 2203 996 2240 quae
1024 2190 1203 2239 ecliptica
1233 2190 1343 2240 signa

313 2254 455 2293 Dixere
485 2256 641 2305 antiqui,
670 2257 810 2305 pariter
839 2256 906 2293 sed
935 2257 1025 2294 bina
1053 2255 1239 2293 laborant.

207 2321 283 2365 848
314 2320 404 2370 Ipsa
429 2320 517 2359 Cus.
538 2322 643 2370 [ᾡς.
684 2320 793 2358 Voss.1
850 2321 939 2370 Ipse
970 2321 1082 2358 Voss.²
1139 2320 1266 2358 titulos
1295 2320 1393 2357 codd.
1420 2333 1539 2357 omnes

151 2396 248 2433 quae
272 2398 338 2422 om.
368 2386 478 2422 Voss.²
497 2391 532 2423 et
557 2386 665 2435 Lips.
681 2394 742 2435 pr.
765 2399 810 2423 m.
869 2387 957 2436 Ipsa
988 2385 1117 2437 (docet
1148 2386 1276 2423 titulus
1306 2387 1536 2435 causaeque)

152 2449 220 2486 ecl.
243 2450 352 2499 signa
371 2452 421 2487 ed.
441 2449 604 2488 Molz'm‘t
627 2463 738 2499 1551.
787 2452 876 2501 Ipse
898 2452 1009 2490 docet
1025 2452 1155 2490 titulus
1176 2462 1333 2489 causas:
1364 2450 1538 2500 ecliptica

152 2514 261 2563 signa
280 2515 466 2553 Bentleius
508 2518 584 2565 849
607 2518 677 2555 sub
690 2524 763 2566 pro
783 2516 850 2556 sed
869 2530 899 2554 0.
