1786 2878
786 178 830 208 ll
1450 176 1500 219 51

108 295 202 321 uero
239 295 325 321 raro
359 289 425 320 aut
456 294 656 333 nunquam
691 281 836 331 recipit.
893 280 949 318 Et
977 293 1066 319 cum
1100 282 1138 318 in
1170 281 1298 319 locum
1333 281 1506 327 mutauit,

107 349 266 387 fortasse
287 361 334 386 ex
356 349 601 399 compendio.

163 414 215 452 ῙῙ·
237 422 422 463 475-477

270 479 389 526 Quod
418 479 512 518 deus
540 479 579 516 in
608 478 712 529 leges
740 478 929 516 mundum
959 491 1048 516 cum
1077 479 1259 517 conderet
1290 490 1448 516 omnem

271 545 447 583 Affectus
476 557 631 595 quoque
661 545 788 582 diuisit
817 544 1053 582 uariantibus
1081 545 1193 582 astris

269 609 398 660 Atque
428 610 590 648 aliorum
619 610 764 656 oculos,
796 609 958 647 aliorum
988 611 1148 647 contulit
1171 622 1292 647 aures.

163 673 287 713 Miror
307 675 452 713 nemini
470 676 622 713 uenisse
644 676 682 712 in
703 682 875 713 mentem
894 676 1322 713 aliorsum—alzanum.

163 740 215 779 ΙΙ.
237 743 313 789 489
335 753 413 791 seq.
434 741 487 779 sic
507 747 639 778 extant
660 741 699 778 in
720 741 875 779 Gembl.

271 806 429 856 Virgine
459 819 568 844 mens
598 807 756 856 capitur,
787 806 841 844 sic
874 806 1074 856 quondam
1104 813 1261 845 uexerat
1291 813 1379 844 ante

162 884 241 920 490
269 871 471 921 Europam
500 872 618 910 dorso
646 872 872 910 retinentem
902 884 1048 910 cornua
1076 872 1162 911 leua

270 937 510 987 Indutusque
540 938 639 977 Ioui.

164 1005 240 1051 489
270 1015 381 1040 mens
421 1003 509 1041 Cus.
550 1002 661 1041 Voss}
696 1016 799 1041 mars
838 1016 959 1053 marg.
996 1003 1106 1041 Voss.¹
1139 1016 1263 1041 mares
1299 1001 1413 1040 Voss.²
1443 1002 1507 1051 qui

98 1075 172 1117 pro
203 1071 258 1106 sic
289 1069 468 1106 Vossianz‘.
526 1082 598 1117 491
636 1070 731 1108 Ioue
760 1070 812 1106 ed.
845 1069 956 1107 Rom.
988 1080 1091 1117 1510
1122 1070 1220 1108 Post
1261 1069 1346 1106 Ioui
1384 1068 1505 1105 Bentl.

107 1135 254 1171 addidit
269 1141 326 1172 est
375 1135 495 1172 Iouist
514 1135 785 1172 Lachmannus
806 1135 1046 1184 Indutusque
1068 1135 1207 1173 Iouem
1229 1133 1412 1183 Scalzgger.

163 1199 283 1237 Tauri
310 1213 408 1237 mens
437 1202 491 1239 sic
522 1201 659 1238 dicitur
688 1208 728 1238 ut
759 1200 1017 1239 Geminorum
1047 1202 1196 1238 animus
1227 1213 1317 1249 493,
1347 1199 1394 1238 cf.
1429 1209 1505 1247 539

107 1267 146 1303 in
168 1267 348 1315 proprias
375 1268 542 1304 secedunt
569 1267 721 1315 singula
751 1265 887 1317 (astra)
918 1272 1057 1304 mentes.
1129 1266 1205 1304 Sed
1234 1266 1273 1303 in
1304 1266 1373 1303 illis
1404 1278 1508 1302 mars

108 1344 229 1369 mares
262 1331 364 1369 aliud
398 1331 514 1370 latere
548 1339 652 1381 puto,
686 1331 724 1369 id
758 1332 936 1370 uidelicet
970 1331 1075 1382 quod
1108 1332 1247 1381 uirgini
1281 1331 1506 1381 opponitur,

107 1410 196 1434 mas.

162 1475 197 1500 u.
221 1475 294 1511 491
320 1461 413 1499 nihil
437 1469 566 1501 muto:
603 1463 790 1500 sententia
817 1475 885 1513 per
906 1462 982 1500 duo
1009 1462 1210 1512 participia
1231 1462 1450 1500 articulatur
1471 1469 1508 1499 et

108 1528 286 1567 cohaeret
294 1541 302 1574 ;
326 1529 380 1566 sic
394 1529 592 1579 quondam
606 1537 762 1566 uexerat
779 1536 910 1566 taurus
926 1528 1136 1577 Europam,
1152 1529 1260 1566 laeua
1280 1529 1506 1566 retinentem

107 1594 190 1631 eius
219 1606 377 1640 cornua,
399 1595 481 1643 ipse
511 1601 641 1631 autem
672 1594 805 1632 Iouem
838 1596 908 1632 sub
938 1606 977 1632 se
1013 1594 1155 1631 celans.
1213 1594 1391 1631 Indutum
1422 1593 1513 1630 Ioui

110 1658 293 1697 Manilius
328 1659 417 1697 dicit
447 1667 598 1697 taurum
629 1672 746 1709 quem
775 1659 879 1697 uelut
910 1660 1120 1697 amiculum
1149 1660 1320 1710 Iuppiter
1349 1659 1421 1696 sibi
1450 1660 1506 1696 in-

108 1724 255 1770 duerat,
277 1731 318 1762 ut
339 1737 380 1762 se
401 1725 667 1762 dissimularet.

164 1789 216 1827 11.
239 1799 329 1839 497,
352 1791 374 1826 8
397 1790 451 1828 sic
472 1797 604 1827 extant
623 1791 661 1827 in
683 1789 836 1828 Gembl.
859 1790 951 1828 Cus.
972 1790 1184 1828 Vossianis.

270 1856 322 1893 At
350 1855 412 1893 leo
441 1867 528 1893 cum
560 1855 736 1893 Geminis
765 1856 887 1894 aciem
917 1857 1116 1906 coniungit
1146 1864 1183 1894 et
1212 1869 1343 1894 aurem

272 1920 489 1959 Centaurus
518 1923 696 1970 geminos
726 1920 955 1971 Capricorni
986 1922 1106 1971 diligit
1130 1930 1288 1960 astrum.

166 1986 379 2025 Centaurus
410 1988 576 2036 geminos
614 1986 809 2024 Bentleius
848 1988 888 2024 in
929 1987 1114 2025 Centauro
1148 1989 1295 2037 gemino
1331 1988 1504 2026 correxit.

109 2051 245 2090 Malim
269 2051 466 2098 Centauro,
486 2053 706 2101 geminum:
737 2065 829 2089 nam
850 2053 1108 2102 Capricornus
1129 2067 1177 2091 ex
1198 2066 1311 2103 capra
1337 2061 1375 2092 et
1403 2055 1507 2103 pisce

108 2124 175 2155 est.
231 2117 282 2155 Et
319 2117 455 2156 melius
499 2118 552 2156 sic
589 2118 866 2156 distribuuntur
905 2119 1097 2157 clausulae
1135 2132 1260 2169 neque
1299 2132 1321 2157 a
1360 2121 1507 2157 ratione

112 2182 325 2221 Maniliana
350 2183 662 2221 hexametrorum
690 2184 906 2222 abhorrent.

272 2249 324 2285 At
352 2248 412 2286 leo
439 2261 527 2288 curn
548 2249 724 2287 Geminis
749 2250 872 2287 aciem
902 2251 1112 2300 coniungit,
1135 2258 1171 2288 et
1201 2263 1333 2289 aurern

274 2313 480 2361 Centauro,
510 2315 707 2364 geminum
738 2314 963 2364 Capricorni
994 2316 1113 2366 diligit
1142 2323 1299 2354 astrum.

166 2379 217 2417 ΙΙ.
234 2390 313 2427 520

274 2444 381 2491 Quin
411 2445 575 2483 aduersa
604 2452 733 2483 meant
763 2446 877 2483 etiam
907 2447 1058 2496 trigona
1088 2447 1260 2496 trigonis.

169 2509 231 2548 Sic
258 2509 422 2557 Gembl.,
444 2511 512 2548 sed
541 2516 677 2560 queant
695 2511 875 2548 Vossiani
905 2524 993 2549 cum
1021 2512 1182 2550 Cusano
1210 2519 1246 2550 et
1276 2525 1306 2559 0,
1332 2514 1506 2562 etiamque

113 2574 291 2613 Cusanus
311 2582 348 2614 et
368 2582 454 2615 cett.
475 2589 623 2623 omnes,
646 2577 717 2616 nisi
745 2577 849 2627 quod
879 2577 917 2615 in
943 2577 1132 2628 Lipsiensi
1153 2591 1218 2627 que
1246 2590 1268 2615 a
1289 2586 1505 2618 correctore

775 2655 798 2680 E
821 2655 840 2679 2
