1786 2878
258 134 336 186 158
671 144 866 176 A‘OCTES
893 143 1223 176 MANJLJANAE

307 253 375 291 IV.
398 256 583 304 918—919
605 254 657 292 sic
677 261 808 292 extant
829 255 866 292 in
887 254 1040 293 Gembl.

416 319 469 356 Vt
496 320 595 357 bene
624 320 807 368 cognosci
838 321 959 370 possit
988 320 1200 370 doceatque
1229 320 1405 359 uidendis

415 383 551 431 Qualis
579 392 660 422 erat
689 384 901 434 doceatque
930 397 1017 422 suas
1046 385 1242 423 attendere
1271 386 1388 434 leges.

308 452 385 498 918
415 449 579 488 uidentis
595 449 775 499 Hert'nga
795 450 984 488 Obseruat.
999 458 1040 500 p.
1062 452 1134 488 162
1181 451 1348 489 uidendo
1369 452 1389 489 b
1409 465 1439 490 0.
1481 464 1556 500 919
1579 459 1639 491 eat

252 515 273 551 b
293 528 312 552 o
366 522 558 564 cogatque
589 515 701 552 Voss.2

308 580 466 630 Optime
487 580 615 618 locum
636 580 850 618 retractauit
877 581 1061 631 Heringa‚
1085 581 1287 619 scribendo

414 642 466 679 Vt
495 643 594 680 bene
623 644 809 692 cognosci
838 644 957 693 possit
985 644 1199 693 doceatque
1227 644 1394 681 uidentis

415 707 551 754 Qualis
582 715 642 745 eat
671 715 860 758 cogatque
890 721 976 747 suas
1005 709 1199 747 attendere
1229 709 1342 758 leges.

255 770 382 824 [Idem
403 785 526 823 nuper
545 773 734 811 Breiterus
754 786 800 811 ex
821 775 975 825 propria
995 775 1120 825 posuit
1141 772 1387 827 coniectura]

860 1138 960 1177 LIB.
990 1139 1037 1177 V.

309 1266 356 1304 V·
379 1276 454 1315 5-7

416 1332 473 1370 Ac
503 1344 571 1382 per
600 1332 829 1370 descensum
859 1332 1007 1371 medios
1036 1339 1272 1383 percurreret
1299 1333 1423 1383 ignes,

416 1397 568 1435 Saturni
597 1397 702 1436 Iouis
730 1405 767 1436 et
796 1397 934 1436 Martis
965 1398 1152 1448 Solisque,
1183 1400 1254 1436 sub
1282 1399 1355 1437 illis

415 1463 509 1501 Post
536 1462 731 1502 Venerem
759 1471 796 1501 et
827 1463 933 1501 Maia
961 1470 1095 1501 natum
1123 1471 1172 1510 te,
1202 1463 1327 1510 Luna,
1357 1471 1577 1515 uagantem.

256 1528 318 1566 Sic
337 1527 443 1567 locus
464 1528 756 1578 distinguendus
780 1536 872 1576 erat,
895 1542 974 1568 non
999 1536 1040 1567 ut
1066 1530 1184 1579 uulgo
1212 1529 1354 1568 factum
1377 1538 1435 1569 est
1463 1538 1551 1581 post
1576 1530 1642 1568 sub

255 1595 341 1631 illis.
398 1593 586 1631 simillimi
607 1602 694 1632 sunt
712 1607 847 1632 uersus
867 1595 897 1632 Ι.
920 1597 965 1631 81
978 1608 1008 1641 1,
1031 1597 1105 1632 812

418 1658 570 1696 Saturni
599 1660 704 1698 Iouis
732 1667 769 1697 et
799 1659 936 1697 Martis
967 1659 1156 1710 Solisque,
1187 1661 1258 1699 sub
1287 1661 1359 1699 illis

417 1723 633 1762 Mercurius
661 1725 857 1763 Venerem
886 1726 984 1763 inter
1013 1726 1090 1775 agit
1119 1725 1349 1776 Lunamque
1378 1726 1539 1765 locatus.

255 1799 450 1846 Manilius,
480 1808 690 1851 postquam
724 1801 921 1851 signorum
955 1802 1096 1851 figuras
1128 1803 1328 1848 recensuit,
1360 1802 1507 1841 Oriona
1534 1803 1642 1853 Argo

255 1866 425 1903 Amnem
449 1865 588 1903 Cetum
613 1866 833 1904 Draconem
864 1866 1002 1904 Sirium
1026 1867 1144 1904 Aram
1164 1867 1345 1917 Anguem
1375 1880 1463 1906 curn
1493 1868 1642 1906 duabus

256 1930 384 1968 Arctis
403 1930 589 1979 Aurigam
610 1930 761 1968 Booten
782 1930 982 1969 Coronam
1001 1932 1191 1970 Ariadnes
1211 1932 1351 1970 Persea
1366 1933 1642 1971 Andromeden

256 2007 345 2032 cum
358 1997 578 2045 parentibus
594 1995 752 2045 Cepheo
767 2002 805 2033 et
818 1996 1014 2046 Cassiepia
1026 1997 1182 2047 Equum
1196 1997 1432 2047 Delphinum
1445 1997 1640 2048 Cygnum,

256 2060 351 2097 haec
371 2060 476 2098 addit
494 2061 549 2098 uti
570 2062 709 2110 scripta
729 2068 817 2098 sunt
836 2062 875 2098 in
895 2061 1049 2100 Gembl.
1072 2061 1238 2114 (26-29)

314 2127 362 2163 26
420 2125 656 2175 Caeteraque
685 2126 723 2162 in
753 2134 834 2164 toto
864 2127 1010 2176 passim
1039 2128 1205 2166 labentia
1234 2128 1342 2166 caelo

418 2190 532 2237 Quae
560 2191 652 2228 mihi
680 2204 750 2240 per
778 2193 952 2241 proprias
980 2193 1080 2231 uires
1110 2201 1196 2231 sunt
1225 2201 1363 2231 cuncta
1393 2193 1567 2232 canenda

419 2255 526 2302 Quid
554 2256 706 2294 ualeant
736 2264 822 2294 ortu
852 2257 944 2307 quid
974 2271 1062 2295 cum
1092 2266 1317 2308 merguntur
1346 2259 1385 2296 in
1415 2259 1540 2296 undas

418 2321 468 2358 Et
497 2321 601 2370 quod
631 2321 679 2359 de
709 2321 768 2358 bis
797 2334 863 2360 sex
893 2323 1003 2360 astris
1032 2336 1102 2372 par
1131 2335 1311 2374 quenque
1342 2323 1507 2361 reducat.

315 2399 362 2434 29
383 2386 433 2424 Et
452 2386 559 2436 quod
579 2385 806 2425 addebissex
838 2387 950 2424 Voss.²
1006 2388 1056 2426 Et
1075 2396 1193 2439 quota
1214 2388 1261 2426 de
1282 2388 1340 2425 bis
1369 2400 1435 2426 sex
1455 2388 1642 2425 Bentlet'us

256 2451 439 2501 quodque
458 2465 478 2489 o
496 2451 618 2488 Bentl.

315 2527 351 2553 u.
384 2529 432 2565 29
467 2517 610 2568 optime
640 2516 832 2555 Bentleius
866 2519 1041 2566 correxit,
1073 2519 1144 2557 nisi
1174 2518 1278 2569 quod
1307 2531 1385 2556 non
1416 2518 1640 2557 mutandum
