1786 2878
255 156 312 199 34
670 154 866 186 NOCTES
894 154 1229 186 MANJLIANAE

301 270 352 309 II.
378 279 558 319 171—177
592 271 646 309 sie
667 277 799 309 extant
819 272 857 309 in
879 270 1032 309 Gembl.

410 336 462 374 Vt
492 337 753 386 Capricornus
782 344 818 375 et
848 337 908 375 hic
939 338 1003 387 qui
1034 338 1224 375 intentum
1256 337 1382 387 dirigit
1411 351 1544 377 arcum

409 401 567 440 Iunctus
597 414 700 452 equo
729 414 816 452 pars
845 402 933 440 huic
964 403 1041 441 oris
1068 402 1135 440 sed
1165 403 1270 440 nulla
1301 404 1447 452 prioris.

408 467 498 505 Hoc
527 479 684 517 quoque
714 467 947 505 seruandum
977 475 1034 505 est
1063 468 1139 506 alta
1167 469 1373 506 discrimen
1405 470 1443 506 in
1473 476 1552 507 arte

408 531 534 570 Distat
563 533 666 570 enim
696 533 840 581 gemini
871 533 948 570 duo
978 533 1053 571 sint
1082 533 1249 582 duplane
1281 534 1414 582 figura.

302 605 375 645 175
407 596 514 643 Quin
543 598 658 635 etiam
687 597 858 647 Erigone
888 599 988 636 binis
1016 606 1240 636 numeratur
1268 599 1307 636 in
1337 600 1448 638 astris

405 661 490 700 Nec
521 662 617 700 facie
646 663 742 700 ratio
771 662 913 712 duplex
943 675 1033 700 narn
1064 663 1202 701 desinit
1231 670 1357 702 aestas

404 728 544 778 Incipit
573 735 768 766 autunnus
789 728 916 766 media
945 729 1015 766 sub
1045 729 1194 777 uirgine
1223 736 1442 779 utrumque.

300 801 370 841 171
412 792 523 842 quue
541 793 795 843 Capricornus
815 792 935 844 (-nz'us
954 792 1100 846 Voss.¹)
1117 796 1186 843 qm·
1201 793 1329 832 Voss.¹
1351 794 1458 844 Lips.
1477 801 1516 833 et
1538 795 1640 842 CuS.‚

240 858 310 896 sed
329 871 396 907 que
415 858 454 895 in
480 858 581 908 Lips.
602 872 624 896 a
650 867 865 897 correctore
892 859 1065 897 additum
1092 866 1161 898 est,
1220 859 1265 897 Vt
1283 861 1539 909 Capricornus
1558 865 1592 898 el
1610 863 1642 899 is

239 923 406 962 Iacobus
421 928 557 961 lentum
571 924 765 971 Vossiani,
781 926 807 962 b
824 937 859 963 o.
910 935 983 973 172
1005 926 1278 974 oris—prioris
1294 938 1430 964 omnes
1446 927 1517 963 nisi
1533 927 1641 976 quod

238 989 396 1026 hominis
415 996 516 1027 extat
537 990 575 1026 in
597 990 617 1027 b
632 1003 651 1027 0
664 997 700 1027 et
713 990 774 1028 ed.
792 990 907 1028 Rom.
929 1001 1031 1038 1510
1077 992 1208 1039 priori
1219 990 1415 1028 Bentleius
1436 1004 1483 1029 ex
1505 993 1640 1030 codice

238 1053 401 1100 Veneto,
419 1062 457 1092 et
476 1055 529 1093 sic
550 1056 627 1092 iam
648 1055 679 1092 F
681 1067 776 1105 ayus
797 1055 966 1093 ediderat
985 1057 1098 1103 1679.
1142 1065 1215 1104 174
1229 1057 1373 1103 gemini
1385 1055 1475 1093 Cus.
1485 1059 1638 1106 gmnimz

237 1118 419 1157 Vossiani
440 1121 600 1170 duplaue
616 1120 707 1159 Cus.
729 1127 765 1158 et
785 1120 966 1171 plerique.
1030 1123 1103 1169 176
1125 1121 1207 1158 Hec
1227 1120 1359 1159 Voss?
1379 1123 1479 1159 ratio
1498 1123 1639 1171 duplex

238 1185 353 1222 etiam
379 1185 471 1224 Cus.
495 1187 635 1235 duplex
664 1187 761 1223 ratio
780 1186 963 1224 Vossiani
993 1187 1122 1224 ambo.
1186 1196 1258 1235 177
1291 1188 1438 1236 utrique
1457 1187 1638 1226 Vossiani

235 1257 272 1288 et
293 1263 312 1288 0
332 1255 481 1300 uterque
500 1251 520 1289 b
541 1263 631 1289 cum
653 1251 832 1301 Regiom.

290 1316 416 1354 Valde
446 1316 508 1355 hic
540 1316 734 1366 praelucet
767 1317 903 1355 ceteris
937 1316 1091 1354 Gembl.
1150 1316 1250 1363 Quis
1282 1316 1384 1355 enim
1419 1328 1499 1354 non
1533 1317 1637 1356 uidet

234 1388 334 1420 recte
366 1382 404 1419 in
435 1381 511 1420 hoc
545 1389 673 1420 extare
704 1381 762 1419 Et
791 1382 1047 1432 Capricornus
1075 1386 1109 1419 el
1133 1382 1205 1428 hic,
1235 1382 1401 1431 duplane,
1431 1382 1568 1420 uitiose
1598 1383 1637 1420 in

232 1447 425 1497 plerisque
459 1447 569 1496 quue
602 1446 872 1497 Capricornus,
904 1448 1062 1497 duplaue
1076 1449 1097 1484 ,Ρ
1137 1447 1185 1484 de
1225 1447 1359 1485 ceteris
1401 1454 1529 1496 potest
1566 1447 1635 1485 du-

232 1513 356 1551 bitari.
415 1512 720 1550 Consideremus
741 1512 902 1562 singula.
958 1513 1005 1549 In
1030 1521 1103 1561 174
1130 1512 1226 1550 inter
1248 1513 1425 1561 geminus
1444 1520 1481 1549 et
1502 1513 1634 1561 duplus

233 1578 438 1616 discrimen
460 1578 548 1616 fecit
575 1577 773 1623 Manilius,
803 1578 835 1616 si
865 1577 984 1615 modo
1014 1577 1199 1614 Manilius
1227 1577 1307 1623 fuit,
1338 1577 1443 1627 quod
1462 1577 1634 1628 plerique

233 1643 288 1681 sic
309 1644 607 1692 interpretantur
626 1650 667 1681 ut
687 1643 778 1680 illud
799 1643 848 1680 ad
869 1643 981 1692 signa
1001 1643 1179 1680 biformia
1196 1643 1263 1680 sed
1285 1642 1485 1688 disiuncta,
1503 1644 1634 1693 quales

233 1715 321 1745 sunt
342 1708 484 1754 Pisces,
506 1708 673 1754 Gemini,
705 1708 780 1746 hoc
812 1708 861 1745 ad
891 1708 1109 1753 coniuncta,
1133 1707 1266 1756 quales
1296 1714 1385 1744 sunt
1406 1708 1633 1757 Sagittarius

232 1781 270 1811 et
284 1773 557 1823 Capricornus,
574 1772 747 1811 referant.
781 1773 869 1822 Ego
883 1773 1117 1810 contrarium
1134 1784 1288 1817 censeo,
1304 1784 1395 1809 nam
1411 1779 1452 1809 ut
1465 1772 1534 1810 IV.
1554 1776 1630 1821 784

231 1841 271 1876 in
294 1841 484 1888 geminum
512 1838 660 1875 filinois
678 1839 791 1887 filius
819 1843 962 1875 astrum
991 1836 1077 1886 Ipse
1105 1839 1205 1874 uenit
1217 1838 1388 1886 geminus
1416 1837 1631 1877 Centaurus

230 1912 266 1942 et
297 1904 543 1941 Minotaurus
573 1904 715 1953 gemini
746 1904 925 1941 dicuntur
954 1903 1044 1952 quia
1073 1902 1246 1940 humano
1277 1915 1440 1952 corpore
1461 1903 1629 1941 ferinum

231 1970 521 2015 commisceant,
537 1969 589 2006 sic
610 1963 672 2006 hic
694 1969 955 2018 Capricornus
974 1974 1011 2005 et
1034 1967 1260 2016 Sagittarius
1279 1968 1458 2006 uidentur
1475 1971 1627 2017 gemina

230 2035 353 2073 forma
374 2035 534 2080 censeri,
548 2043 681 2072 contra
695 2034 825 2071 Pisces
847 2041 883 2071 et
904 2033 1072 2079 Gemini,
1096 2034 1134 2069 in
1156 2033 1295 2082 quibus
1315 2046 1393 2070 una
1408 2035 1554 2083 speeies
1571 2035 1629 2072 bis

228 2101 395 2147 recurrit,
429 2101 552 2149 dupla.
612 2100 675 2137 Sic
705 2105 743 2137 et
773 2099 920 2136 Chiron
951 2098 1167 2136 Centaurus
1197 2099 1369 2146 geminus
1398 2106 1455 2136 est
1483 2098 1628 2138 Ouidio

229 2165 324 2203 Met.
344 2178 378 2203 v.
401 2167 490 2213 630,
512 2164 651 2202 Triton
674 2164 795 2202 Statio
817 2164 854 2202 S.
871 2164 920 2201 iii.
937 2177 969 2201 2.
985 2174 1046 2212 35.
1103 2162 1187 2200 Nec
1209 2164 1357 2212 duplam
1375 2165 1541 2213 speciem
1557 2178 1627 2214 pro

228 2231 372 2280 duplici
391 2230 435 2282 (I.
453 2233 529 2277 418
547 2231 688 2278 duplici
701 2229 911 2267 Cenlaurus
930 2227 1238 2278 zmagzhefirlur)
1257 2229 1459 2278 quisquam
1475 2229 1627 2268 uidetur

227 2297 414 2346 posuisse,
436 2308 524 2333 cum
545 2296 677 2344 duplus
697 2295 744 2332 sit
764 2295 822 2333 bis
842 2300 981 2340 tantus,
1003 2294 1116 2343 dupla
1137 2293 1297 2342 duplum
1318 2294 1437 2343 pretii.
1487 2294 1626 2344 Itaque

228 2362 258 2399 si
280 2374 326 2398 ex
358 2361 512 2399 Gembl.
534 2361 683 2410 gemini
707 2361 777 2397 duo
805 2361 883 2397 sint
909 2359 1118 2404 retinueris,
1142 2359 1281 2396 eodem
1312 2371 1427 2396 sensu
1454 2361 1523 2397 erit
1544 2372 1624 2410 quo

227 2427 296 2463 IV.
321 2429 408 2474 784,
431 2426 466 2464 h.
480 2440 511 2464 e.
533 2426 645 2463 distat
665 2434 791 2462 utrum
813 2425 890 2462 duo
912 2425 985 2462 sint
1012 2424 1201 2473 permixta
1227 2424 1365 2472 specie,
1387 2436 1435 2460 an
1456 2426 1623 2463 eandem

227 2493 395 2540 speciem
417 2493 475 2530 bis
496 2491 662 2529 referant
683 2488 826 2542 (dupla)
851 2490 939 2528 Hoc
961 2489 1133 2540 (gemini)
1154 2497 1194 2526 ut
1215 2489 1421 2538 quaesitius
1441 2490 1622 2538 equidem

225 2558 481 2606 praetulerim,
504 2570 583 2595 non
605 2558 756 2607 gemina
787 2556 1018 2594 deteriorum
1048 2555 1237 2599 codicum,
1273 2556 1495 2604 praesertim
1531 2567 1621 2595 cum
