1786 2878
274 205 322 245 18
680 213 875 245 NOCTES
904 214 978 245 MA
985 213 1239 245 MLJANAE

268 331 468 371 Phaethon
489 343 629 381 cupere
649 331 770 370 modo
790 343 870 369 non
890 331 1036 370 maiora
1056 338 1214 383 parente
1230 344 1300 370 suo
1319 331 1419 380 Sole,
1438 332 1475 374 h<
1489 345 1522 373 e.
1537 345 1662 384 paene

267 399 367 436 ultra
388 397 480 436 solis
499 397 777 446 aurigationem
798 397 1003 447 adspirare.

322 464 354 502 I.
377 465 452 512 746

431 528 532 566 Cum
561 540 662 577 uaga
691 528 850 578 dispersi
879 528 1072 566 fluitarunt
1102 528 1249 567 lumina
1279 541 1413 568 currus

430 594 480 631 Et
510 593 658 631 caelum
687 601 865 632 exustum
894 600 962 632 est.

322 659 397 697 Pro
434 660 565 708 inepto
604 658 668 696 illo
706 660 850 696 lumina
887 671 1034 708 repono
1073 672 1237 697 munera.
1314 659 1511 698 Phaethon
1559 660 1663 697 enim

267 731 449 774 paternos
475 736 607 763 currus
627 730 811 774 tanquam
836 736 976 763 munus
1001 733 1213 774 acceperat.
1261 715 1664 775 Bentleianumsrag'r-

267 792 369 828 mina
389 791 503 828 nimis
522 790 666 828 recedit
687 802 710 828 a
730 789 893 829 lectione
913 791 1106 829 codicum.

322 857 353 894 I.
378 866 454 906 750
474 868 558 906 sqq.

430 921 514 959 Nec
543 921 636 958 mihi
666 920 829 958 celanda
861 927 918 959 est
947 921 1072 959 famae
1101 921 1259 971 uulgata
1288 928 1460 959 uetustas

430 986 613 1033 Mollior3
644 999 665 1024 e
694 987 809 1025 niueo
838 986 944 1024 lactis
974 987 1129 1024 fluxisse
1157 987 1346 1036 liquorem

430 1052 591 1090 Pectore
621 1052 776 1101 reginae
806 1052 949 1100 diuum,
981 1052 1209 1103 caelumque
1239 1052 1368 1090 colore

430 1114 615 1153 Infecisse
645 1127 727 1152 suo.

269 1181 443 1219 Seruauit
480 1180 576 1219 haec
611 1180 776 1218 Iacobus
815 1180 869 1218 sic
906 1186 948 1218 ut
985 1180 1023 1217 in
1065 1179 1176 1218 codd.
1209 1179 1399 1230 leguntur,
1438 1192 1662 1230 quanquam

266 1259 346 1285 non
366 1246 502 1284 iniuria
521 1245 672 1283 uidetur
687 1245 884 1284 Bentleius
904 1258 975 1295 pro
995 1253 1168 1284 monstro
1187 1246 1367 1283 habuisse
1387 1246 1478 1284 illud
1490 1245 1661 1284 fllollior.

266 1312 394 1351 Credo
425 1324 624 1350 MOLLIORE
661 1324 709 1349 ex
747 1324 962 1350 MOLLEMDE
1001 1312 1253 1360 deprauatum
1288 1323 1397 1349 esse:
1441 1312 1528 1362 quis
1556 1312 1660 1349 enim

265 1379 385 1416 nescit
427 1376 705 1415 mollitudinem
748 1377 1121 1426 teneritudinemque
1156 1375 1287 1425 (Prud.
1318 1376 1495 1415 Cathem.
1530 1378 1578 1414 iii.
1611 1388 1661 1426 70

264 1444 346 1481 Lac
366 1448 525 1480 tenerum
546 1443 736 1491 premitur
760 1441 919 1493 calatho)
939 1442 1073 1480 lactis?
1131 1441 1260 1480 Schol.
1282 1442 1389 1480 Arat.
1410 1442 1554 1480 Phaen.
1583 1444 1661 1489 464

265 1508 428 1547 Bekker.
448 1508 695 1556 Ἐρατοσθένης
718 1509 756 1544 δέ
778 1512 879 1556 φησι,
902 1509 1045 1554 μυθικῶς
1065 1509 1167 1544 αὐτὸν
1185 1507 1414 1556 διηγούμενος,
1435 1509 1500 1544 ὑπὸ
1525 1511 1585 1544 τοῦ
1604 1511 1663 1554 τῆς

260 1574 373 1623 Ἥρας
391 1576 559 1623 γάλακτος
576 1574 779 1621 γεγενῆσθαι
799 1575 1007 1620 ἐκχυθέντος·
1033 1576 1157 1619 ἤκουσε
1184 1574 1251 1621 γὰρ
1276 1574 1367 1620 παρὰ
1385 1576 1446 1609 τοῦ
1463 1573 1590 1620 Ἑρμοῦ
1610 1574 1663 1608 ὅτι

265 1642 325 1676 οὐκ
344 1640 429 1678 ἴδιός
448 1641 535 1683 ἐστι,
556 1639 621 1676 ubi
642 1638 915 1688 corrigendum
935 1645 993 1676 est
1014 1641 1091 1686 περὶ
1114 1641 1175 1674 τοῦ
1194 1638 1402 1686 Ἡρακλέους
1419 1639 1470 1675 ὅτι
1500 1640 1560 1675 οὐκ
1579 1638 1664 1676 ἴδιός

265 1707 352 1750 ἐστι,
373 1711 414 1742 ut
438 1717 486 1742 ex
519 1704 643 1742 Schol.
663 1704 886 1742 Germanici
906 1704 1137 1742 Arateorum
1158 1710 1319 1753 apparet
1338 1716 1374 1753 p.
1404 1715 1477 1750 104
1499 1703 1662 1753 Breysig

269 1770 485 1807 Ostendetur
512 1774 629 1806 autem
658 1783 754 1806 unus
783 1770 877 1806 inter
905 1770 1063 1806 circulos
1098 1770 1200 1814 caeli,
1230 1770 1299 1817 qui
1326 1769 1461 1805 lacteus
1494 1773 1661 1815 uocatur,

264 1836 363 1884 quod
377 1835 472 1872 albis
490 1835 648 1872 nubibus
666 1835 848 1872 denotetur
859 1835 1036 1872 circuitus
1054 1835 1142 1880 eius,
1158 1834 1254 1882 quod
1269 1833 1366 1871 Iuno
1379 1833 1469 1884 (lac)
1485 1835 1662 1871 mamillis

264 1901 433 1951 ffcdisse
451 1901 600 1946 dicitur,
621 1913 703 1937 cum
723 1901 886 1937 audisset
903 1899 1099 1937 Herculem
1119 1912 1225 1937 suum
1238 1899 1367 1949 filium
1388 1912 1460 1937 non
1479 1912 1560 1938 esse.

321 1966 352 2004 Ι.
376 1974 560 2015 755-757
583 1965 636 2003 sic
657 1972 789 2003 extant
807 1965 847 2002 in
868 1965 1023 2003 Gembl.

427 2031 492 2068 An
521 2031 645 2068 maior
675 2030 797 2069 densa
825 2030 1019 2068 stellarum
1049 2031 1160 2068 turba
1189 2042 1334 2068 corona

428 2096 622 2134 Conuexit
651 2096 828 2134 flammas
858 2103 894 2134 et
923 2108 1054 2135 crasso
1084 2096 1228 2133 lumine
1258 2094 1397 2134 candet

430 2161 482 2199 Et
510 2162 658 2211 fulgore
688 2162 782 2199 nitet
811 2162 953 2200 collato
983 2161 1117 2200 clarior
1146 2162 1275 2199 orbis?

324 2236 398 2276 755
430 2227 565 2265 densat
598 2227 771 2264 Vossianz'
795 2232 829 2264 et
860 2227 1044 2265 Cusanus.
1105 2229 1179 2275 756
1211 2226 1392 2265 Contexit
1426 2226 1598 2264 Vossiani
1629 2230 1664 2264 et

268 2293 359 2332 cus.
399 2290 453 2345 et]
476 2292 523 2330 de
547 2293 726 2330 Vossiani.
787 2301 859 2341 757
884 2293 1032 2332 caelato
1053 2293 1208 2330 Iacobus
1226 2306 1277 2330 ex
1302 2293 1499 2330 Vossiam’s.

270 2358 460 2397 Conuexz't
488 2370 580 2396 sane
610 2357 762 2396 Gembl.
797 2359 863 2396 sed
897 2359 961 2396 uix
995 2366 1107 2405 recte,
1145 2370 1235 2397 cum
1275 2357 1322 2395 de
1362 2357 1542 2395 oneribus
1586 2356 1659 2395 fre—

265 2431 470 2474 quentetur
502 2423 758 2462 uocabulum:
798 2425 922 2474 aptius
955 2424 1004 2462 ad
1038 2424 1092 2462 rei
1130 2424 1312 2462 fabricam
1345 2423 1532 2461 contexit.-
1567 2435 1659 2461 nam

265 2490 414 2527 conexit
435 2501 558 2539 paene
582 2489 797 2535 barbarum,
823 2490 1000 2539 quamuis
1028 2490 1067 2527 id
1092 2489 1245 2527 Catullo
1271 2488 1355 2526 lxiv.
1383 2501 1458 2537 339
1488 2488 1660 2525 tribuerit

267 2553 553 2601 Lachmannus‚
582 2555 727 2593 nexisti
750 2554 964 2593 Diomedes
995 2557 1070 2604 369
1094 2554 1183 2592 Keil
1210 2554 1248 2591 in
1273 2553 1443 2603 Propert.
1465 2553 1515 2590 iii.
1538 2555 1572 2591 8.
1596 2563 1659 2602 37,

265 2622 375 2658 nexit
411 2619 626 2659 Priscianus
667 2630 745 2669 470
784 2619 872 2658 Keil
912 2621 1015 2671 apud
1054 2619 1242 2658 Lucilium
1281 2619 1479 2657 uideantur
1510 2618 1658 2668 legisse.

1781 2582 1786 2606 l
