1786 2878
763 159 828 190 ΙΙΙ
1428 163 1481 202 99

93 268 253 306 nomina
303 265 473 305 noctium
512 264 573 303 uel
613 264 761 303 dierum
800 264 860 302 uel
899 264 1067 302 siderum
1105 263 1271 313 partium
1311 263 1481 302 adiectae

92 332 223 371 erant!

148 398 218 437 III.
237 411 325 447 429,
350 410 426 446 430

255 464 389 501 Tertia
418 474 506 512 pars
534 462 617 499 eius
647 473 810 499 numero
840 460 1087 510 superaddita
1115 460 1212 498 tauri

255 528 437 566 Traditur
465 534 501 564 et
530 527 705 576 geminis.

147 607 223 643 429
254 594 424 631 numeris
462 593 576 630 Voss.2
643 605 720 640 430
751 591 932 628 Traditur
960 598 996 629 et
1030 590 1167 629 Gembl.
1209 589 1317 628 Voss.¹
1353 590 1440 628 Cus.
1463 592 1483 627 b

92 659 274 698 Traditur
293 672 361 696 om.
381 665 418 696 et
443 657 556 696 Voss.2
603 670 732 695 uersus
752 658 845 694 deest
862 659 899 694 in
920 670 940 694 ο
986 657 1180 694 Tradetur
1200 656 1369 693 Iacobus.

148 725 373 762 Rectissime
390 724 556 762 Iacobus
573 722 760 760 Tradetur
772 722 901 768 edidit,
919 723 987 759 etsi
1002 722 1041 759 in
1055 720 1185 760 Voss.2
1200 734 1279 759 non
1298 721 1484 758 Tradetur

92 790 159 828 sed
179 789 363 827 Traditur
377 789 521 827 omisso
537 793 571 826 et
587 788 728 826 inueni.
785 787 923 825 Nullus
939 787 999 825 hic
1016 787 1122 825 locus
1138 793 1195 825 est
1211 787 1482 832 coniunctioni,

525 857 556 883 et

92 904 315 948 poteratque
341 911 388 935 ex
413 897 597 935 Traditur
611 898 770 945 geminis
798 896 971 934 librarius
997 895 1108 934 facile
1129 895 1428 945 suprascriptum
1453 900 1486 931 et

93 971 276 1014 tanquam
296 970 441 1013 partem
461 975 593 1000 uersus
614 963 867 1012 interponere.
926 961 1001 998 Sed
1023 968 1059 999 et
1079 966 1260 999 secuntur
1272 960 1342 998 tria
1364 961 1486 997 sutura

92 1029 296 1066 Procedent
324 1058 331 1065 .
365 1059 371 1066 .
404 1058 411 1066 .
443 1027 645 1077 Augebunt
671 1057 679 1065 .
710 1056 718 1064 .
750 1056 757 1063 .
783 1028 1020 1075 peruem'ent:
1060 1033 1101 1063 ut
1134 1026 1270 1071 melius
1304 1032 1485 1063 reuocato

98 1094 285 1131 Tradetur
299 1100 336 1131 et
356 1093 593 1143 aequabilius
613 1099 673 1130 eat
693 1093 826 1131 oratio.
885 1092 1026 1129 Similis
1045 1099 1101 1130 est
1122 1092 1217 1129 ratio
1233 1104 1269 1128 u.
1287 1100 1362 1139 437
1382 1091 1488 1127 Haec

93 1162 158 1197 uia
181 1159 401 1197 monstrabit
422 1159 628 1196 stadiorum
647 1166 783 1208 ponere
807 1171 971 1195 summas
995 1158 1060 1194 ubi
1088 1169 1188 1195 unus
1215 1157 1368 1194 Gembl.
1389 1157 1486 1193 sutu-

93 1224 210 1271 rum¹‚
227 1225 341 1263 ceteri
357 1225 476 1263 nostri
492 1224 647 1262 codices
660 1225 885 1261 monstrauit
895 1223 1037 1260 habent
1052 1236 1060 1260 :
1092 1229 1270 1260 secuntur
1284 1223 1385 1259 enim
1406 1234 1486 1259 cum

93 1291 337 1339 acceptaueris
358 1319 366 1326 .
387 1319 395 1326 .
419 1318 426 1325 .
448 1289 498 1326 ln
518 1290 623 1326 nulla
628 1289 750 1339 fallet
768 1318 775 1324 .
798 1318 806 1327 .
829 1317 836 1324 .
861 1288 955 1326 Cum
968 1292 1151 1337 poterunt.

149 1355 219 1393 ΠΙ·
246 1365 335 1403 455,
358 1356 435 1402 456

255 1421 330 1458 His
358 1420 497 1469 opibus
526 1419 596 1456 tria
626 1419 735 1468 signa
764 1418 920 1460 †ualent
950 1418 1017 1456 sed
1047 1430 1198 1455 summa
1226 1417 1361 1467 prioris

255 1485 426 1523 Accedat
454 1484 615 1521 numeri.

94 1550 223 1589 ualent
261 1549 401 1588 Gembl.
441 1550 554 1587 Voss?
583 1556 671 1587 set*
703 1548 792 1587 Cus.
860 1548 910 1585 In
950 1547 1061 1586 Voss}
1091 1549 1261 1585 omissum
1292 1552 1346 1584 est
1371 1549 1489 1596 spatio

93 1617 227 1661 relicto,
250 1616 289 1652 in
309 1628 378 1664 quo
398 1616 573 1652 recentior
593 1627 725 1651 manus
744 1615 823 1652 xvi
841 1615 900 1651 uel
916 1615 1011 1651 xvii
1028 1614 1166 1650 saeculi
1184 1614 1298 1651 etiarn
1322 1614 1487 1649 zuscruit.

92 1682 207 1719 etiam
237 1681 299 1718 bo.
367 1679 555 1717 Fueratne
584 1680 702 1717 nota?
744 1680 842 1728 quod
864 1686 934 1728 per
962 1679 1206 1728 compendium
1235 1680 1411 1727 scriptum
1443 1684 1489 1714 na

84 1747 208 1796 potuit
215 1749 303 1795 post
318 1746 428 1795 signa
446 1745 624 1783 excidere.

146 1811 218 1850 ΠΙ.
240 1812 328 1858 461,
353 1813 427 1858 462
450 1810 504 1848 sic
523 1816 654 1848 extant
674 1810 713 1846 in
733 1808 886 1847 Gembl.

459 1876 586 1925 pisces
615 1881 764 1912 tantum
794 1875 865 1912 sibi
893 1874 1077 1923 temporis
1107 1874 1216 1924 †ipse

254 1941 501 1979 Constituant
521 1947 710 1991 quantum
730 1940 920 1989 accipiant
941 1940 988 1977 de
1009 1946 1108 1977 sorte
1129 1940 1275 1988 prioris.

149 2009 221 2054 461
255 2013 395 2044 Statum
425 2005 538 2043 Voss.2
592 2006 674 2043 inse
705 2003 816 2042 Voss?
872 2005 953 2054 ipse
976 2004 1065 2043 Cus.
1097 2005 1206 2042 Voss)
1229 2018 1259 2041 0.
1319 2006 1392 2051 462
1423 2016 1485 2041 ac-

92 2072 239 2122 cipiunt
268 2070 378 2109 Voss.¹
400 2084 419 2108 0
474 2071 664 2119 accipiant
694 2069 806 2108 Voss.2
830 2069 918 2108 Cus.

148 2137 294 2175 Rursus
331 2148 466 2174 uerum
499 2147 600 2173 unus
640 2134 754 2173 Voss?
788 2135 955 2172 seruauit
988 2137 1027 2172 in
1061 2148 1107 2173 se.
1170 2135 1300 2173 Pisces
1338 2141 1486 2171 tantum

90 2203 274 2252 temporis
300 2202 370 2239 sibi
397 2202 631 2239 constituant
656 2201 694 2237 in
719 2213 759 2238 se
785 2200 820 2237 h.
841 2213 874 2238 e.
893 2207 1079 2250 tanquam
1106 2213 1215 2238 suam
1242 2206 1402 2249 partem,
1424 2199 1486 2235 uel

91 2281 140 2306 ex
162 2280 202 2306 se
222 2267 388 2313 ductam,
411 2279 491 2304 non
519 2272 718 2315 acceptam
739 2278 762 2304 a
782 2267 906 2315 priore
932 2278 1096 2304 summa.
1154 2266 1239 2303 Iam
1269 2266 1318 2302 II.
1342 2269 1416 2301 622
1438 2277 1488 2301 ex

91 2347 129 2370 se
149 2333 186 2370 in
207 2345 278 2370 esse
297 2332 473 2369 uitiatum
491 2331 658 2369 uidimus
670 2331 694 2366 ².

119 2474 149 2523 ‘¹
173 2474 376 2523 Afforzstrabit
397 2474 497 2524 etiam
521 2474 553 2505 in
577 2474 626 2505 ed.
648 2472 884 2515 Neapolitana,
908 2484 991 2515 quae
1014 2473 1207 2515 antiquitate
1229 2482 1292 2503 non
1318 2472 1403 2503 cedit
1428 2472 1489 2504 Re-

94 2523 334 2559 giomontanae‚
351 2527 470 2549 muenl.

138 2561 149 2578 ²
174 2561 252 2592 Alia
268 2566 315 2592 est
331 2561 527 2602 significatio
539 2560 716 2593 locutionis
733 2560 770 2591 in
786 2570 817 2590 se
833 2571 892 2602 pro
909 2571 981 2600 una,
1000 2560 1096 2593 simul
1113 2571 1212 2601 quam
1227 2569 1265 2591 ex
1281 2559 1318 2590 C.
1333 2559 1358 2590 1.
1373 2560 1408 2590 L.
1425 2559 1486 2590 III.

755 2629 823 2654 ΗΖ
