1786 2878
236 141 315 179 114
650 137 844 169 NOCTES
872 137 1199 168 MANJLJANAE

231 244 300 282 sed
338 255 426 281 curn
465 242 689 281 accessione
726 254 844 292 quam
881 243 934 281 sic
973 243 1184 281 enuntiauit
1222 247 1256 279 et
1293 242 1464 279 decimam
1503 241 1622 279 tribus

229 309 394 358 applicat
432 310 561 345 auctir.
631 307 743 354 Quae
782 308 900 345 uerba
940 319 1030 345 cum
1069 308 1108 344 in
1151 307 1424 357 antiquissimis
1466 306 1621 345 Gembl.

231 374 322 411 Cus.
355 373 460 423 Lips.
500 373 755 418 inueniantur‚
786 384 866 410 non
905 373 1020 411 uideo
1059 385 1126 410 cur
1156 373 1413 421 repudientur,
1444 372 1622 421 quamuis

230 451 253 477 a
289 438 415 477 Voss.2
452 446 490 476 et
528 438 779 475 Vrbinatibus
822 438 972 475 duobus
1012 438 1136 475 absint
1149 450 1158 483 ;
1206 437 1424 487 habentque
1464 444 1504 474 ut
1542 449 1622 474 non

228 511 385 550 certam,
421 504 475 541 sic
514 516 585 541 nec
623 503 830 541 absurdam
867 503 1230 552 interpretationem.
1288 502 1380 540 Vult
1418 503 1520 540 enim
1560 509 1622 539 aut

230 581 418 615 summae,
437 581 557 618 quam
587 568 680 606 dixit
710 568 790 619 (13,
816 568 845 606 si
876 575 974 606 recte
1003 569 1130 606 locum
1157 567 1285 618 capio)
1312 568 1511 606 addendos
1538 579 1624 605 csse

231 641 308 672 tres
338 645 473 680 annos,
502 633 676 683 singulos
706 645 795 671 cum
830 633 978 671 decima
1007 640 1115 683 parte
1143 633 1261 681 anni3
1300 639 1364 670 aut
1394 645 1440 671 ex
1471 644 1624 670 summa

230 712 276 738 ea
306 698 392 751 (13)
422 705 497 737 tres
525 711 649 737 annos
678 711 762 737 esse
791 699 931 749 quibus
959 699 1108 737 decima
1133 711 1221 748 pars
1247 699 1338 736 anni
1365 697 1543 736 addenda
1567 698 1623 735 sit.

230 764 361 803 Priore
395 776 443 802 ex
476 764 623 802 ratione
656 763 751 802 fiunt
783 764 875 802 anni
908 764 1166 815 1343÷T³6³
1206 776 1252 802 ex
1282 763 1398 802 altera
1430 764 1624 813 10431335.

231 830 370 868 Annus
400 830 432 868 si
465 830 505 868 in
534 829 615 868 dies
645 832 721 878 365
753 829 956 879 digeratur,
985 842 1137 867 summa
1165 829 1260 868 haec
1290 830 1344 880 1³15
1373 829 1443 867 erit
1476 828 1624 866 dierum

236 895 362 944 1093:
393 902 434 933 ut
462 901 527 933 aut
554 907 679 933 annos
712 897 772 942 16,
799 895 879 933 dies
909 895 1023 945 1093»,
1051 901 1116 933 aut
1144 906 1270 933 annos
1301 907 1360 943 13,
1391 894 1473 932 dies
1507 893 1622 942 1093,

231 960 432 998 duraturus
453 961 501 999 sit
520 961 550 998 is
570 960 635 1011 qui
655 961 727 998 sub
746 973 813 998 vm
834 960 991 1010 regione
1017 967 1122 997 ortus
1144 959 1268 998 fuerit.
1324 959 1417 998 Non
1444 958 1623 1009 equidem

231 1026 372 1064 infitior
411 1038 524 1076 aegre
562 1025 720 1075 intelligi
757 1025 851 1076 quid
888 1033 1045 1075 poetam
1082 1026 1246 1063 mouerit
1282 1031 1324 1063 ut
1361 1024 1433 1063 hac
1471 1037 1548 1062 una
1585 1024 1624 1061 in

232 1091 390 1140 regione
428 1103 582 1129 menses
615 1103 660 1128 ac
699 1090 778 1128 dies
812 1091 851 1128 in
885 1091 1073 1129 rationem
1105 1097 1281 1128 uocaret:
1325 1090 1392 1128 sed
1425 1090 1553 1127 minus
1586 1089 1624 1126 id

231 1157 431 1194 mirabitur
451 1156 515 1206 qui
536 1155 783 1194 considerarit
809 1163 995 1206 quantum
1021 1156 1190 1193 numeris
1211 1162 1248 1193 et
1269 1156 1624 1204 computationibus

232 1222 412 1271 astrologi
429 1222 606 1260 tribuant.
662 1221 807 1271 Ecquis
827 1221 950 1259 nescit
965 1220 1235 1258 Romanorum
1251 1221 1386 1270 elogiis
1403 1221 1524 1258 solere
1545 1232 1624 1257 non

232 1299 356 1325 annos
372 1286 497 1324 solum
512 1287 624 1333 uitae,
639 1286 705 1324 sed
720 1299 872 1324 menses
889 1286 1045 1335 diesque
1059 1293 1173 1335 atque
1189 1286 1303 1323 etiarn
1320 1286 1433 1323 horas
1448 1286 1624 1323 inscribi?

234 1353 302 1390 Sin
340 1352 415 1390 hoc
454 1352 614 1402 negabis
651 1352 730 1389 fieri
766 1352 947 1401 potuisse,
978 1352 1107 1389 uerbis
1145 1352 1279 1389 saltem
1317 1363 1473 1388 sensum
1512 1363 1623 1388 suum

233 1419 392 1456 subesse
419 1417 629 1456 concedes:
661 1420 669 1436 ‘
683 1417 710 1454 it
729 1417 825 1455 adds
845 1429 895 1454 an
916 1418 1128 1455 increment
1147 1416 1192 1454 of
1208 1418 1260 1467 5¹5
1280 1422 1318 1454 to
1339 1416 1434 1454 each
1454 1415 1498 1453 of
1521 1415 1624 1453 three

232 1481 391 1532 years':
426 1489 528 1520 recte
562 1482 664 1520 enim
698 1482 801 1528 anni,
836 1483 975 1532 quibus
1008 1482 1178 1520 accessio
1212 1482 1254 1519 fit
1287 1481 1460 1520 decimae
1495 1481 1623 1531 partis,

232 1549 336 1585 aucti
350 1548 404 1586 sic
425 1548 609 1585 dicuntur.

289 1626 324 1652 u.
346 1615 422 1662 676
445 1615 628 1650 interimet
644 1600 877 1651 uocabulum
899 1612 1239 1661 genethliacorum.
1255 1612 1370 1649 Firm.
1386 1612 1436 1649 iii.
1454 1624 1475 1658 4
1489 1613 1528 1649 si
1538 1625 1624 1649 uero

227 1686 297 1728 per
325 1683 456 1716 noctem
486 1680 525 1715 in
554 1679 692 1716 horosc.
716 1683 824 1727 parte
834 1679 969 1727 suerit
994 1680 1172 1722 mneritas,
1190 1677 1314 1725 ‚fizciet
1330 1679 1496 1726 primum
1521 1679 1631 1714 nasci

233 1747 329 1782 inter
332 1746 498 1794 fratres,
518 1745 578 1781 uel
593 1745 661 1792 qui
675 1749 758 1780 ante
777 1745 894 1793 zjbsum
916 1748 1025 1781 natus
1028 1744 1170 1791 fuerit,
1188 1745 1376 1780 interimet.
1411 1744 1459 1779 ib.
1476 1741 1625 1791 Semper

234 1809 402 1859 Izfflpzrer
439 1811 477 1846 in
515 1809 730 1846 cardinibus
765 1811 963 1858 geniturae
999 1810 1202 1856 collocatus,
1241 1813 1309 1846 aul
1337 1810 1483 1857 primos
1520 1809 1628 1846 nasei

218 1877 354 1926 saciet,
376 1880 443 1912 aut
443 1876 602 1925 fratres
620 1875 698 1912 eius
717 1875 873 1912 maiores
894 1876 1084 1913 interimet.

290 1940 363 1978 ΠΙ.
386 1941 569 1989 629-631
596 1940 649 1978 sic
670 1946 801 1977 extant
821 1940 860 1976 in
881 1939 1034 1977 Gembl.

397 2005 512 2044 Tunc
541 2017 711 2043 cererem
739 2004 859 2055 fragili
888 2011 1064 2055 properat
1093 2004 1329 2054 destringere
1359 2004 1489 2043 culmo

398 2070 569 2120 Campus
596 2076 633 2108 et
663 2071 702 2107 in
731 2071 855 2108 uarias
884 2070 1121 2119 destringunt
1150 2071 1325 2108 membra
1353 2071 1537 2120 palestras

396 2135 447 2173 Et
476 2135 666 2185 trepidum
695 2135 856 2185 pelagus
887 2137 1068 2174 iactatum
1098 2135 1254 2184 languet
1282 2136 1321 2173 in
1350 2135 1484 2173 undas.

291 2203 366 2249 629
398 2200 498 2239 Cum
533 2200 622 2239 Cus.
661 2200 771 2238 Voss?
805 2201 938 2248 Quum
979 2201 1090 2239 Voss.1
1124 2208 1331 2251 properant
1371 2199 1482 2238 Voss.²
1512 2201 1622 2238 solus.

236 2268 314 2316 630
335 2266 506 2316 Campos
527 2279 546 2303 0
565 2265 763 2315 destringit
786 2266 873 2305 Cus.
892 2267 1131 2316 destringunt
1152 2267 1211 2303 uel
1227 2266 1331 2304 distr.
1351 2270 1426 2303 cett.
1483 2265 1624 2304 Graius

236 2339 272 2371 et
302 2333 340 2370 in
369 2332 511 2382 patrias
539 2331 707 2369 denudat
737 2333 911 2370 membra
940 2344 978 2381 p.
1007 2331 1207 2369 Bentleius.
1266 2332 1339 2380 631
1374 2331 1543 2381 tepidum
1572 2331 1624 2369 bo

236 2398 383 2436 iactatis
404 2426 411 2434 .
433 2426 442 2435 .
464 2425 472 2434 .
493 2396 532 2434 in
553 2396 666 2434 undis
687 2397 707 2434 b
720 2410 739 2434 ο
758 2404 912 2446 pacatas
932 2397 1137 2435 Brez‘terus.

292 2462 391 2500 Mire
407 2462 494 2500 lusit
509 2462 548 2499 in
563 2463 680 2500 uerbo
700 2463 922 2511 destringere
938 2462 1132 2507 Manilius,
1149 2462 1254 2511 quod
1275 2464 1350 2509 629
1372 2462 1419 2499 de
1440 2461 1622 2499 metendo

238 2528 383 2575 dieitur,
401 2529 478 2576 630
496 2527 542 2565 dc
558 2527 732 2565 membra
752 2527 935 2565 nudando
952 2529 990 2565 in
1013 2528 1179 2566 diuersas
1199 2527 1513 2565 exercitationes:
1543 2539 1622 2564 uno
