1786 2878
256 146 310 200 98
670 155 864 187 NOCTES
892 155 1222 187 MAAYLJANAE

310 261 382 300 ΙΙΙ.
405 274 449 308 41
464 274 495 307 1,
519 273 592 308 412
617 261 668 299 sic
688 267 820 299 extant
840 261 878 298 in
899 260 1052 299 Gembl.

419 326 495 364 Sed
523 333 625 365 certa
653 327 724 364 sub
752 326 836 376 lege
865 327 1001 377 prioris
1029 338 1181 377 semper
1209 327 1248 364 in
1277 325 1385 365 astris

418 392 660 430 Incolumem
690 399 813 430 seruet
843 404 1033 429 summam
1063 404 1316 442 crescensque
1345 390 1538 430 nouando.

311 470 382 504 411
421 458 460 495 in
499 458 594 495 Voss.
629 457 717 495 Cus.
748 463 790 494 ut
829 457 942 495 Voss.²
973 458 1024 495 bo
1055 458 1164 495 astris
1193 459 1326 495 codices
1362 458 1451 496 astri
1481 457 1642 507 Regiam.

253 523 390 573 prioris
411 535 563 572 semper
582 528 623 560 ut
643 523 732 560 astri
753 522 996 561 Incolumem
1016 530 1168 561 seruent
1187 534 1378 561 summam
1399 531 1645 573 crescantque

254 588 437 626 nouando
457 587 657 626 Bentlez'us.

308 653 432 691 Valde
464 654 608 692 incerta
638 659 696 691 est
724 651 943 691 coniectura
971 651 1142 700 Bentleii,
1173 665 1262 691 cum
1291 666 1517 703 crescensque
1546 655 1644 691 bene

253 730 294 757 se
324 718 475 764 habeat,
510 730 582 756 nec
625 717 873 768 probabiliter
905 730 953 756 ex
986 722 1225 767 crescanlque,
1258 718 1288 757 si
1326 718 1644 768 palaeographiae

252 783 452 831 credimus,
474 783 666 821 immutari
687 783 865 833 potuerit.
920 783 1005 833 Age
1025 784 1267 822 attendamus
1287 795 1420 822 uersus

416 849 513 887 Inde
542 849 624 898 pari
653 848 774 898 Virgo
804 848 986 899 procedat
1015 849 1196 898 temporis
1225 856 1324 895 actu,

415 913 492 952 Sed
521 921 626 952 certa
655 915 727 952 sub
755 914 840 964 lege
868 914 1005 964 prioris
1035 925 1187 964 semper
1215 914 1253 951 in
1282 914 1391 952 astris

413 979 657 1018 Incolumem
686 986 810 1018 seruet
839 991 1042 1025 summam,
1073 992 1324 1030 crescensque
1353 979 1549 1025 nouando,

250 1044 305 1082 sic
329 1044 433 1083 enim
453 1043 608 1082 Gembl.
664 1044 777 1091 Quae
797 1045 828 1082 si
847 1046 1064 1091 retinentur,
1085 1051 1275 1083 structura
1290 1045 1357 1083 erit
1374 1058 1382 1091 ;
1413 1045 1535 1094 Virgo
1557 1057 1643 1094 pro-

250 1110 370 1156 cedat,
391 1109 458 1148 sed
478 1116 582 1148 certa
602 1111 673 1148 sub
693 1110 775 1159 lege
805 1119 929 1148 seruet
949 1110 988 1147 in
1009 1111 1119 1148 astris
1146 1110 1282 1160 prioris
1303 1109 1426 1162 (astri)
1448 1122 1640 1148 summam

249 1175 495 1222 incolumem,
514 1181 550 1213 et
570 1175 724 1225 quidem
744 1187 917 1213 crescens
937 1175 1129 1214 nouando.

305 1241 355 1278 Et
379 1241 473 1279 haec
502 1240 659 1291 quidem
689 1240 779 1278 satis
809 1240 858 1278 ad
886 1252 1023 1278 uerum
1051 1240 1235 1279 accedere
1262 1241 1396 1287 sentio,
1417 1240 1641 1290 praesertim

250 1307 304 1344 sic
330 1306 465 1344 tradita
490 1306 529 1343 in
549 1306 808 1344 uetustissimo
829 1312 866 1344 et
886 1306 1035 1355 optimo
1055 1305 1207 1345 Gembl.
1265 1305 1404 1355 Neque
1433 1312 1563 1343 tamen
1591 1306 1643 1343 ita

249 1372 425 1421 religiose
454 1372 678 1409 obstrictum
707 1384 770 1409 me
797 1371 940 1409 habent
970 1371 1125 1421 antiqua
1153 1378 1194 1409 ut
1222 1383 1303 1409 non
1331 1371 1456 1421 magis
1487 1371 1642 1409 credam

251 1437 507 1475 Manilianum
540 1437 579 1474 id
608 1437 714 1487 quod
747 1437 787 1474 in
818 1435 950 1474 Voss.2
982 1437 1123 1482 inueni,
1158 1443 1402 1486 tutanturque
1437 1436 1500 1474 alii
1533 1436 1642 1474 multi

248 1503 400 1541 codices
420 1503 569 1551 prioris
596 1509 734 1551 semper
753 1507 796 1539 ut
806 1515 826 1546 ‚·
861 1502 967 1552 quod
996 1509 1037 1539 ut
1065 1508 1146 1548 stet,
1167 1504 1267 1539 aslrz'
1286 1514 1357 1552 pro
1386 1503 1501 1539 astris
1529 1513 1642 1551 repo-

250 1568 421 1606 nendum
450 1569 530 1606 erit.
587 1567 752 1606 Facilius
782 1568 835 1606 sic
865 1573 901 1605 et
929 1567 1141 1617 expeditius
1171 1579 1211 1605 se
1241 1568 1429 1605 sententia
1451 1567 1640 1617 explicat3

249 1634 368 1671 modo
397 1646 420 1671 a
447 1633 687 1672 nominatiuo
726 1633 839 1682 Virgo
868 1645 1081 1683 numquam
1109 1633 1278 1679 recedas,
1309 1632 1379 1671 sed
1409 1633 1458 1670 ab
1486 1633 1640 1682 incepto

249 1711 373 1749 usque
393 1698 442 1736 ad
463 1699 579 1736 finem
596 1698 853 1748 principatum
869 1698 904 1735 ei
925 1704 961 1735 et
974 1698 1147 1747 regimen
1167 1699 1310 1736 tribuas
1327 1697 1545 1736 sententiae.
1576 1697 1638 1735 Sic

249 1763 538 1813 respondebunt
557 1763 655 1800 inter
671 1775 710 1800 se
729 1763 882 1812 sublege
894 1767 936 1799 ut
952 1767 1072 1800 seruet
1089 1769 1125 1800 et
1139 1775 1377 1811 crescensque.
1421 1762 1512 1800 Hoc
1532 1763 1639 1812 equi-

248 1828 338 1866 dem
358 1828 531 1878 praefero
548 1840 555 1866 :
586 1834 641 1866 est
661 1828 765 1866 enim
785 1827 977 1876 singulare
997 1828 1161 1877 pretium
1181 1827 1361 1865 Vossiani
1378 1825 1402 1873 ²,
1421 1834 1553 1877 utpote
1573 1827 1639 1877 qui

248 1894 370 1931 multa
398 1900 529 1943 aperte
562 1905 653 1932 uera
686 1905 808 1943 eaque
837 1892 952 1940 solus,
983 1893 1160 1943 quamuis
1190 1904 1295 1931 anno
1334 1900 1436 1941 1470
1465 1892 1638 1943 scriptus,

249 1959 545 1997 conseruauerit.

303 2024 376 2063 ΙΙΙ.
399 2033 475 2073 425

412 2090 559 2127 Rursus
587 2089 653 2139 qui
682 2089 823 2127 steterit
851 2100 1034 2127 numerus
1063 2089 1135 2126 sub
1165 2089 1322 2126 numine
1351 2089 1476 2127 noctis

247 2155 404 2194 numine
429 2154 566 2193 Gembl.
596 2154 708 2192 Voss.2
731 2154 820 2193 Cus.
876 2155 1034 2192 nomine
1064 2153 1174 2192 Voss.¹
1195 2154 1215 2191 b
1231 2167 1261 2193 0.

304 2219 428 2259 Miror
457 2220 642 2258 Iacobum
671 2219 943 2258 Gemblacensi
983 2220 1210 2258 obsecutum
1239 2219 1386 2256 numine
1410 2218 1471 2257 hic
1500 2231 1636 2256 ausum

248 2285 373 2324 edere.
448 2285 605 2335 Optime
651 2291 689 2322 et
735 2284 837 2323 hunc
884 2296 1039 2323 uersum
1086 2290 1123 2322 et
1171 2296 1243 2331 421
1295 2285 1454 2321 aestiuae
1495 2285 1637 2321 nomine

248 2353 373 2397 noctis,
404 2356 441 2389 et
463 2360 537 2399 472
564 2349 660 2396 Quot
676 2351 792 2399 prius
818 2350 1048 2388 abstulerant
1067 2350 1221 2399 proprio
1249 2349 1315 2386 sub
1343 2350 1483 2386 nomine
1507 2349 1637 2386 Pisces

250 2416 416 2454 Huetius
436 2415 636 2466 explicauit
656 2427 702 2452 ex
733 2415 945 2453 rationariis
971 2414 1202 2453 creditorum
1223 2414 1284 2451 ‘in
1309 2414 1448 2463 quibus
1475 2414 1635 2452 nomina

250 2481 464 2520 debitorum
499 2480 687 2530 descripta
727 2486 846 2526 erant,
881 2486 919 2518 et
956 2491 1130 2518 summae
1173 2479 1324 2518 debitae
1362 2491 1430 2517 seu
1467 2479 1634 2517 creditae

249 2554 355 2584 erant
393 2547 604 2585 adiunctae.
665 2544 840 2583 Similiter
882 2546 922 2583 in
964 2544 1174 2583 rationariis
1214 2544 1549 2590 Astronomorum,
1584 2542 1633 2581 ad
