1786 2878
530 135 601 167 AD
631 135 836 167 ARATEA
874 133 1164 166 GERMANJCJ
1456 132 1538 178 235

147 229 265 280 pedes
286 229 472 268 demissis.
530 230 665 268 Manil.
687 243 720 268 v.
742 240 816 279 557
840 229 1043 280 Defluxere
1067 231 1172 267 sinus
1196 229 1344 275 umeris,
1357 227 1540 278 fugitque

87 320 90 322 -
146 296 301 333 lacertos
331 296 454 333 Veslzlr.

205 362 388 409 266-269

310 425 474 463 Lumine
504 437 584 464 non
613 426 742 464 multis
771 425 871 463 Plias
901 417 1101 463 certauerit
1129 424 1249 469 astris,

310 491 522 541 Praecipuo
552 491 620 529 sed
648 491 794 530 honore
824 490 990 529 ostendit
1019 497 1193 539 tempora
1225 489 1327 535 bina,

311 556 413 595 Cum
441 558 609 607 primum
637 557 847 607 agricolam
876 560 1048 596 †uentus
1078 568 1194 605 super
1222 556 1409 592 immouet
1439 553 1539 594 atri†

473 622 664 673 (imminet
684 623 764 672 agri
785 621 989 659 Bernensz's
1009 627 1042 659 et
1059 619 1375 671 Ez'nszkdelensz's.)

310 686 360 724 Et
389 700 476 725 cum
507 689 625 737 surgit
653 688 813 737 hiemps,
844 695 955 738 portu
983 687 1164 736 fugienda
1195 687 1338 736 peritis.

204 750 296 789 Non
343 761 445 791 recte
492 753 684 803 Hauptius
736 755 811 790 268
862 754 915 791 sic
963 752 1194 791 emendabat
1236 751 1331 790 Cum
1369 751 1540 800 primum

148 817 355 866 agricolam
397 831 534 856 uernus
573 823 671 868 lepor
710 823 890 856 ammonet
926 821 1025 868 agri.
1083 817 1187 855 Nam
1221 830 1292 855 nec
1329 829 1467 853 uernus
1501 816 1540 852 in

149 886 287 928 uentus,
308 895 380 922 nec
409 889 508 933 lepor
528 884 567 922 in
595 891 705 934 super
724 885 840 922 latere
871 885 1000 923 credo.
1048 883 1177 921 Verba
1197 883 1303 920 Arati
1328 882 1423 920 haec
1452 887 1541 919 sunt

153 948 340 996 266‚267

311 1015 331 1050 ὅ
360 1017 468 1061 σφισι
499 1011 568 1067 [SC.
589 1012 689 1067 Ζεὺς]
719 1017 772 1052 καὶ
801 1016 916 1063 θέρεος
944 1016 997 1051 καὶ
1025 1016 1183 1062 χείματος
1206 1014 1410 1062 ἀρχομένοιο

314 1080 488 1125 σημαίνειν
516 1080 696 1117 ἐκέλευσεν
723 1081 952 1128 ἐπερχομένου
981 1080 1011 1116 τ’
1040 1081 1189 1128 ἀρότοιο.

149 1142 210 1180 Ex
231 1143 370 1193 quibus
392 1144 649 1184 Germanicus
678 1146 755 1184 duo
786 1146 959 1195 sumpsit,
985 1145 1137 1183 aestatis
1167 1144 1319 1182 initium
1347 1149 1384 1181 et
1413 1153 1541 1180 rursus

149 1207 297 1256 hiemis,
319 1222 439 1248 unum
460 1211 640 1260 neglexit,
663 1212 808 1249 arandi.
866 1212 1001 1261 Itaque
1023 1210 1269 1248 scribendum
1289 1209 1468 1247 existimo

314 1275 416 1313 Cum
444 1277 610 1325 primum
641 1277 852 1326 agricolam
881 1289 1028 1314 LENTvs
1057 1288 1181 1314 'vAPOR
1201 1281 1397 1312 ammouet
1427 1272 1528 1321 agris

151 1339 187 1376 h.
203 1351 235 1378 e.
256 1352 346 1378 cum
370 1343 525 1380 aestatis
552 1343 658 1380 initio
685 1343 788 1381 calor
814 1343 1000 1380 incubans
1027 1342 1126 1379 aruis
1154 1352 1366 1378 messorem
1386 1338 1543 1377 inducit.

153 1404 262 1443 Idem
283 1406 351 1444 sed
370 1407 554 1456 prolixius
574 1408 667 1445 dixit
687 1409 860 1446 Auienus
877 1408 982 1444 Arat.
1005 1409 1079 1445 612

315 1471 399 1510 Nec
430 1473 559 1511 minus
588 1474 707 1511 arenti
736 1486 825 1511 cum
854 1474 959 1511 crine
989 1473 1172 1510 attollitur
1201 1478 1337 1516 aestas,

314 1537 365 1575 Et
393 1550 482 1576 cum
511 1551 609 1577 cana
638 1551 772 1578 comas
800 1539 896 1577 redit
927 1550 1030 1576 anno
1060 1540 1196 1576 bruma
1225 1536 1373 1586 rigenti,

317 1602 519 1653 Tempora
549 1605 774 1654 designant:
817 1617 907 1642 nam
938 1605 969 1642 si
999 1616 1039 1641 se
1068 1604 1217 1653 gurgite
1248 1602 1386 1641 tollunt

209 1670 286 1716 615
317 1668 522 1719 Vergiliae,
554 1683 691 1708 curuas
720 1671 759 1708 in
789 1671 890 1708 flaua
918 1670 1073 1708 noualia
1102 1669 1218 1707 falces

314 1735 506 1773 Exercere
536 1736 616 1774 dies
633 1748 643 1782 ;
687 1736 719 1774 si
748 1736 919 1773 condunt
948 1747 1116 1784 aequore
1147 1734 1336 1779 flammas,

315 1800 514 1839 Tellurem
543 1813 677 1851 presso
706 1801 952 1852 proscindere
982 1808 1134 1850 tempus
1163 1807 1298 1845 aratro,

153 1877 245 1902 nam
265 1864 325 1903 hic
345 1879 501 1916 quoque
525 1868 677 1905 aestatis
705 1868 856 1904 initium
885 1874 922 1904 et
951 1879 1080 1904 rursus
1110 1866 1246 1904 hiemis
1274 1877 1321 1902 ex
1349 1862 1545 1901 Pliadibus

155 1931 354 1980 designat3
397 1939 434 1970 et
463 1932 556 1970 illud
586 1933 742 1982 quidem
774 1933 898 1982 pergit
932 1933 1146 1970 describere
1175 1931 1303 1969 uerbis
1334 1941 1474 1967 curuas
1504 1929 1543 1965 in

141 1997 256 2047 flaua
285 1998 435 2035 nonalia
453 1999 582 2047 fizlces
610 1998 800 2036 Exerccrc
829 1999 912 2044 dz‘es,
939 1999 992 2035 sic
1022 2004 1062 2035 ut
1083 1997 1336 2035 Germanicus
1365 1995 1419 2032 eis
1446 2005 1545 2043 quae

153 2074 202 2099 ex
236 2063 455 2101 coniectura
489 2065 645 2110 restitui,
674 2065 877 2113 agricolam
907 2065 1023 2101 lentus
1057 2071 1174 2112 uapor
1203 2065 1381 2099 ammonet
1406 2060 1544 2109 agris:

154 2126 292 2165 hiemis
304 2128 477 2166 Auienus
491 2130 606 2176 initia,
622 2141 702 2167 non
718 2136 758 2166 ut
774 2129 1042 2174 Germanicus,
1058 2130 1125 2166 sed
1143 2128 1196 2166 sic
1213 2126 1390 2165 describit
1405 2132 1445 2162 ut
1462 2131 1543 2161 tum

154 2199 277 2241 ponat
301 2195 600 2243 proscissionem
627 2195 915 2244 arationemque
941 2201 1086 2232 terrae:
1118 2193 1373 2231 Germanicus
1397 2189 1444 2227 de
1467 2188 1542 2226 hoc

154 2257 258 2304 nihil,
280 2265 428 2297 tantum
449 2260 538 2298 dicit
558 2272 660 2297 mare
681 2267 762 2297 tum
783 2260 954 2297 clausum
975 2271 1057 2297 esse
1078 2258 1360 2308 nauigantibus.
1408 2255 1543 2303 Itaque

154 2335 236 2359 cum
255 2325 435 2372 primum,
455 2339 537 2363 cum
558 2327 684 2374 surgit
707 2326 810 2363 idem
837 2325 1065 2374 significant,
1087 2337 1138 2362 sc.
1159 2325 1281 2368 milia,
1302 2322 1376 2359 hoc
1395 2320 1543 2364 hiemis,

155 2387 246 2424 illud
270 2391 444 2427 aestatis:
476 2392 592 2428 lentus
619 2397 735 2439 uapor
763 2390 907 2428 factum
934 2397 991 2428 est
1016 2392 1133 2427 lentus
1161 2390 1276 2438 uspor
1298 2398 1389 2423 mox
1417 2389 1544 2422 uentus

155 2459 264 2501 super
276 2467 295 2497 ί
335 2456 527 2504 geminata
558 2470 577 2493 s
608 2463 813 2506 postquam
848 2468 956 2493 erasa
989 2469 1012 2492 a
1042 2451 1190 2511 (zcspor)
1223 2451 1457 2490 uocabulum
1494 2462 1542 2487 ex

155 2524 248 2567 upor
281 2518 320 2556 in
353 2528 462 2570 super
489 2529 667 2560 cesserat.
743 2521 846 2559 Nam
875 2521 1025 2571 quoties
1056 2522 1183 2566 lwzlzcs,
1213 2522 1341 2556 uentus
1374 2517 1469 2554 inter
1503 2527 1544 2552 se
