1786 2878
215 116 230 143 1
241 102 296 142 68
616 105 814 139 NOCTES
842 105 1174 138 MANJLJANAE

214 212 421 253 embodied
450 213 489 250 in
519 211 616 249 their
635 211 738 249 word
763 213 932 258 πρόβατα,
954 210 998 249 Of
1018 209 1140 248 which
1168 211 1322 256 πρόνομα
1344 209 1432 249 βοτὰ
1455 207 1486 246 is
1513 207 1604 245 here

214 281 276 318 the
297 278 460 329 poetical
480 277 717 328 equivalent.’
761 276 894 313 Vnum
916 283 1085 325 superest
1101 275 1207 326 quod
1224 274 1478 324 explicatione
1494 280 1606 323 egeat

204 347 310 396 fidae
334 356 419 394 135.
477 344 523 381 Id
543 343 710 381 Iacobus
729 354 809 380 non
830 347 930 380 recte
954 342 1221 390 interpretatus
1245 348 1300 378 est
1321 340 1413 378 haec
1438 340 1607 377 scribens

217 416 225 432 ‘
241 411 346 461 quod
395 416 550 460 propter
598 408 749 446 fidelem
791 407 897 445 Iouis
940 407 1095 444 tutelam
1138 417 1386 456 nequaquam
1424 417 1447 442 a
1485 405 1608 442 sidere

219 476 407 527 (Caprae)
429 475 615 513 abhorret.
658 473 819 510 Amicos
839 484 932 510 uero
953 472 1051 510 fidos
1071 472 1238 522 quidem,
1261 471 1327 508 sed
1348 470 1503 508 timidos
1523 470 1609 519 quis

219 555 299 581 non
320 548 497 592 expertus
517 541 597 578 est?
612 539 620 554 ’
656 538 740 576 Nec
755 546 884 575 tamen
903 539 1062 585 timidae,
1077 538 1182 588 quod
1203 544 1240 575 et
1261 536 1454 586 Scaligero
1470 536 1611 586 placuit

220 616 256 646 et
294 607 480 653 Bentleio,
519 606 558 644 in
595 605 700 655 fidae
736 604 926 641 abiturum
965 603 1081 641 fuisse
1129 615 1244 649 reor;
1282 603 1447 653 pauz'dae
1484 602 1611 651 potius

220 674 451 725 scripserim.

332 739 438 776 Hinc
456 735 628 787 pauidae
656 741 807 772 mentes
836 734 1166 784 tremebundaque
1196 733 1313 772 corda
1342 740 1532 778 creantur,

334 804 530 853 Suspensa
559 807 598 839 at
626 801 816 850 strepitus,
847 800 1070 850 leuibusque
1099 800 1271 838 obnoxia
1299 799 1434 837 uentis.

333 870 409 907 His
438 869 553 906 etiam
584 867 769 916 ingeniost
797 866 946 903 uisendi
975 867 1107 915 ignota
1136 866 1290 916 cupido,

332 935 385 972 Vt
415 946 518 971 noua
546 945 614 982 per
643 939 778 969 noctes
808 937 996 981 quaerunt
1025 933 1177 969 arbusta
1206 931 1386 981 capellae,

335 1001 495 1049 Semper
524 1006 561 1036 et
588 998 744 1035 ulterius
772 1003 973 1046 pascentes
1001 997 1157 1035 tendere
1187 997 1366 1047 gaudent.

280 1067 329 1104 V.
355 1076 535 1113 140-142
558 1064 612 1101 sic
631 1069 763 1101 extant
783 1063 822 1099 in
842 1062 997 1100 Gembl.

338 1131 492 1169 Taurus
521 1130 561 1166 in
589 1129 772 1166 aduersos
800 1140 1060 1177 praecepsque
1090 1128 1271 1166 attollitur
1299 1135 1406 1166 ortus

339 1198 455 1235 Sexta
483 1201 590 1245 parte
621 1194 678 1231 sui
707 1200 893 1231 certantes
922 1194 1018 1232 lucis
1046 1193 1186 1232 odores

338 1262 514 1301 Peliades
543 1260 657 1298 ducit.

291 1341 365 1376 140
395 1338 581 1378 praeceps
612 1325 795 1362 attollitur
829 1324 918 1363 Cus.
952 1325 1059 1374 Lips.
1090 1325 1201 1363 Voss.¹
1232 1338 1252 1362 0
1271 1325 1291 1362 b
1320 1337 1357 1375 p.
1388 1324 1627 1375 compellitur

242 1394 354 1434 Voss?
368 1401 410 1431 ut
428 1392 571 1430 tollitur
590 1390 764 1439 Scalzger
783 1403 871 1428 cum
891 1391 1032 1428 tollitur
1050 1389 1241 1428 Bentlez'us
1289 1403 1358 1438 141
1375 1391 1471 1428 lucis
1486 1390 1627 1428 odores

237 1461 326 1499 Cus.
363 1458 477 1497 Voss.l
503 1457 608 1506 Lz'ps.
627 1456 680 1493 ob
713 1456 795 1493 luce
829 1468 979 1494 sorores
1016 1455 1128 1494 Voss.2
1155 1457 1323 1506 Regiom.
1348 1456 1443 1494 lucis
1480 1456 1628 1494 honore

234 1526 442 1564 Breiterus‚
504 1535 575 1569 142
608 1521 781 1559 Pleiades
800 1522 936 1558 codices
946 1523 1125 1571 plerique.

292 1589 436 1629 Omnia
462 1588 525 1626 hic
560 1587 624 1624 diu
662 1593 842 1632 correcta,
876 1600 1024 1624 auersos
1053 1586 1169 1637 (Seal.
1198 1586 1351 1638 Remi),
1385 1589 1462 1625 luce
1488 1600 1631 1625 sorores

238 1655 504 1708 (Regiomont.
531 1650 684 1702 Bentl.).
750 1652 826 1690 Sed
850 1652 955 1702 quod
994 1652 1146 1691 Gembl.
1182 1653 1246 1690 dat
1275 1653 1370 1690 sicut
1399 1652 1565 1699 exhibui,
1594 1652 1632 1690 id

239 1734 319 1760 non
340 1719 457 1757 credo
477 1730 559 1756 esse
570 1724 748 1767 praeceps
770 1731 851 1754 cum
873 1719 1016 1755 tollitur
1031 1717 1191 1768 (Bentl.)
1205 1730 1330 1768 neque
1350 1730 1443 1756 uero
1456 1725 1633 1768 praeceps

239 1791 283 1825 ul
308 1786 451 1823 tollitur
471 1782 606 1834 (Scal.)
627 1784 695 1821 sed
723 1796 796 1831 qua
823 1784 964 1820 tollitur
983 1783 1044 1820 uel
1072 1796 1146 1831 qua
1166 1785 1357 1821 attollitur.
1414 1783 1558 1821 Nescio
1583 1796 1634 1821 an

242 1852 445 1894 Breiterus‚
466 1849 560 1886 lucis
582 1848 714 1885 honore
739 1861 827 1885 curn
857 1849 1102 1886 scribendum
1122 1856 1283 1898 putaret,
1303 1850 1409 1886 odore
1437 1850 1476 1886 in
1505 1849 1635 1899 aliquo

242 1917 378 1956 codice
412 1914 601 1952 inuenerit
612 1925 622 1960 ;
657 1913 809 1951 Gembl.
844 1921 944 1951 certe
979 1913 1094 1952 habet
1128 1915 1264 1960 odores,
1299 1927 1424 1964 neque
1458 1915 1563 1953 aliter
1597 1915 1636 1952 in

243 1981 322 2020 ullo
344 1980 391 2018 de
410 1981 505 2018 meis
526 1981 687 2031 repperi.

302 2046 350 2085 V.
377 2047 559 2093 162-164
580 2047 635 2084 sic
656 2053 786 2084 extant
806 2046 844 2084 in
866 2046 1018 2085 Gembl.

413 2112 482 2149 Ille
510 2112 616 2161 prius
645 2112 766 2149 uictor
795 2112 920 2150 stadio
948 2124 1065 2162 quam
1094 2113 1233 2150 missus
1262 2113 1381 2150 abibit

413 2177 560 2215 Illecito
589 2178 749 2214 moritur
777 2178 922 2227 rigidos
951 2178 1105 2216 eludere
1135 2186 1262 2216 cestus

417 2242 532 2281 Nunc
561 2243 665 2280 exire
695 2243 788 2280 leuis
817 2244 954 2280 missas
984 2255 1086 2281 nunc
1116 2245 1263 2281 mittere
1292 2243 1450 2293 palmas.

313 2310 387 2356 163
402 2308 468 2345 Ille
488 2309 564 2346 cito
571 2309 739 2357 plerique
758 2309 917 2345 moritur
947 2308 1058 2346 Voss.¹
1085 2309 1170 2347 Cus.
1191 2317 1300 2347 motu
1334 2309 1446 2346 Voss.²
1472 2309 1643 2347 monitus

252 2373 305 2413 ed.
325 2372 444 2423 Neap.
505 2376 578 2420 164
599 2374 717 2411 missa
740 2373 828 2412 Cus.
855 2373 965 2411 Voss-‚¹

310 2438 412 2477 Cum
429 2440 467 2477 in
488 2441 560 2477 162
583 2440 718 2477 missus
738 2440 784 2476 sit
803 2452 881 2477 non
902 2440 1028 2486 dubie,
1045 2440 1140 2478 desit
1159 2447 1286 2478 autem
1306 2453 1352 2478 ex
1370 2452 1448 2490 quo
1468 2440 1645 2478 infinitiui

256 2505 590 2544 eludere-mittere
609 2505 812 2554 pendeant,
829 2505 993 2555 denique
1014 2507 1163 2543 missam
1183 2506 1221 2543 in
1246 2508 1318 2553 164
1340 2512 1532 2556 praestent
1553 2505 1644 2544 Cus.
