1786 2878
253 139 332 193 198
659 146 726 179 No
733 146 856 179 CTES
883 146 956 177 MA
964 143 1215 177 NJLJANAE

248 253 379 292 locum
403 252 668 302 interpretatus
695 258 762 290 est.
824 251 898 290 Sed
926 264 1014 290 cum
1042 251 1103 288 alii
1131 250 1285 289 codices
1312 253 1427 288 neclos
1454 249 1514 288 uei
1541 255 1640 288 uolos

249 325 453 369 praestent,
482 330 553 368 pro
580 330 659 368 quo
691 317 893 356 Reinesius
921 322 1070 362 lraclos,
1096 317 1264 354 Iacobus
1293 321 1409 362 natos,
1440 316 1639 362 scribebat,

249 385 331 434 ipse
367 396 472 421 anno
510 386 612 421 1886
643 384 683 420 in
717 383 850 422 Diario
879 381 1067 431 Philolog.
1099 381 1404 430 Cantabrigiensi
1434 381 1550 419 Tom.
1581 394 1641 419 xv.

249 462 286 501 p.
317 462 335 487 2
369 449 516 487 conieci
546 450 671 495 uictos,
699 461 751 487 sc.
781 454 1019 486 senectutem
1049 448 1136 496 igne
1167 447 1252 484 aeni
1282 447 1423 484 uictam
1453 454 1489 484 et
1517 459 1565 484 ex
1595 460 1642 485 eo

251 517 576 554 iuuenescentem¹
635 513 696 552 Sic
719 513 882 552 Ouidius
905 513 951 550 de
976 512 1114 550 eadem
1135 510 1278 549 Medea
1297 512 1453 549 arietem
1473 511 1642 549 uetulum

250 582 483 631 incoquente
505 577 561 616 M.
578 579 637 616 vii.
662 581 737 627 318
763 579 985 627 Cornuaque
1007 582 1177 615 exurunt
1199 590 1260 614 nec
1281 590 1352 614 non
1372 590 1453 613 cum
1472 578 1644 615 cornibus

249 660 376 692 annos,
393 644 451 682 Et
467 650 566 682 tener
585 645 740 681 audz'lur
760 645 872 681 medio
892 644 1036 681 balalus
1056 656 1152 680 aeno.
1202 642 1291 680 Hoc
1313 644 1343 679 si
1364 650 1465 680 recte
1486 643 1644 689 conieci,

249 725 300 750 ex
329 724 408 749 non
434 717 490 748 est
516 722 586 760 pro
613 710 658 747 ab
683 709 862 759 positum,
883 709 951 746 sed
976 714 1093 758 poeta
1122 708 1311 757 significat
1340 715 1575 746 senectutem
1605 709 1644 746 in

250 789 350 815 aeno
370 786 537 813 mersam
558 775 646 812 inde
666 775 809 812 uictam
829 774 996 812 flammis
1016 781 1052 811 et
1071 781 1257 810 mutatam
1276 773 1402 822 recipi.

308 840 462 894 [pactos
480 840 673 878 Breiterus
693 853 741 877 ex
765 839 821 877 M.
837 840 895 876 vii.
919 849 993 888 307
1016 838 1170 888 Iamque
1184 843 1318 888 petunt
1337 836 1542 890 (Peliadcs)
1555 846 1643 889 pre-

251 909 409 956 tiumque
429 907 552 944 iubent
568 907 646 944 sine
662 906 744 956 fine
760 906 915 955 pacz'sc
923 901 968 957 12]

307 973 355 1010 V·
378 975 467 1021 476,
492 981 567 1020 477

416 1038 577 1076 Doctior
606 1037 700 1074 urbe
730 1048 800 1074 sua
828 1036 982 1086 linguae
1012 1036 1083 1074 sub
1113 1035 1207 1073 flore
1238 1033 1456 1074 Menander

416 1103 494 1150 Qui
523 1103 601 1140 uita
629 1102 797 1140 ostendit
825 1102 944 1139 uitam
973 1102 1163 1150 cartisque
1193 1102 1367 1139 sacrauit.

309 1182 385 1229 476
417 1180 564 1218 Doctor
588 1178 725 1217 Gembl.
747 1178 839 1216 orbe
870 1176 1044 1215 Vossiam·
1063 1177 1152 1216 Cus.
1174 1190 1241 1226 sue
1272 1177 1385 1216 Voss}
1405 1178 1503 1217 frore
1533 1178 1646 1217 Γοπ.2

254 1256 328 1294 477
363 1246 463 1283 uitae
491 1245 662 1294 Scaliger
692 1249 725 1281 cl
758 1243 954 1281 Rem-sius
980 1256 1167 1293 carusque
1198 1244 1336 1282 Gembl.
1360 1244 1447 1282 Cus.
1479 1244 1650 1282 l‘ossz'am‘

197 1334 201 1343 x
252 1312 440 1361 canisque
460 1310 645 1360 Scaliger.

308 1377 401 1415 Non
426 1383 483 1414 est
510 1389 579 1414 cur
605 1377 702 1412 m'tae
731 1375 927 1412 scribatur.
988 1373 1206 1412 Menander
1228 1387 1296 1424 per
1320 1374 1439 1412 uitam
1460 1387 1577 1426 quam
1606 1376 1646 1414 in

253 1455 394 1481 scaena
413 1441 619 1480 exhibebat
638 1440 805 1479 ostendit
825 1440 946 1490 qualis
967 1447 1067 1478 esset
1089 1440 1166 1477 uita
1185 1440 1326 1478 saeculi
1346 1441 1415 1477 sui.

307 1508 356 1546 V.
379 1509 564 1556 478-480

415 1584 466 1622 Et
496 1584 526 1622 si
555 1590 660 1620 tanta.
687 1594 849 1633 operum
878 1582 978 1620 uires
1007 1589 1228 1620 commenta
1257 1583 1431 1633 negarint

417 1649 618 1687 Hesternis
648 1656 777 1686 tamen
806 1655 914 1686 actus
943 1647 1014 1686 erit
1042 1660 1145 1685 nunc
1175 1660 1274 1686 uoce
1303 1649 1426 1698 poetis

418 1714 535 1753 Nunc
565 1718 712 1755 †tant0
742 1721 864 1763 gestu.

310 1802 386 1841 479
421 1798 531 1830 actus
567 1790 704 1828 Gembl.
734 1795 768 1827 et
789 1791 958 1839 plerique
990 1796 1102 1839 aptus
1137 1790 1192 1827 bo
1232 1790 1345 1827 Voss}
1419 1794 1497 1837 480
1531 1791 1646 1829 tacito

265 1856 382 1896 Voss?
401 1858 421 1894 b
442 1856 559 1894 Nunc
580 1857 718 1894 tantiro
737 1863 852 1905 gustu
877 1855 1064 1906 refertque
1089 1855 1265 1893 affatibus
1285 1868 1353 1893 ora
1372 1869 1391 1893 0
1410 1856 1516 1894 fatuo
1537 1864 1647 1906 gestu

255 1926 331 1974 ipse
350 1924 447 1961 olim.

310 1990 357 2026 In
381 1987 535 2027 Gembl.
565 1998 681 2036 super
709 1991 808 2023 lanto
839 1998 889 2022 m.
916 1998 972 2035 pr.
999 1986 1203 2035 scripserat
1233 1987 1292 2022 uel
1317 1991 1406 2032 lum,
1429 1986 1648 2026 Thomasio

256 2061 363 2092 teste.
434 2053 584 2102 Magna,
615 2052 698 2089 laus
732 2052 793 2089 hic
827 2059 883 2089 est
914 2051 1107 2089 Carrionis
1137 2051 1202 2101 qui
1230 2052 1360 2102 Antiq.
1391 2051 1498 2090 Lect.
1528 2053 1564 2090 ii.
1599 2056 1645 2091 18

256 2119 476 2158 emendauit
520 2119 639 2164 tacito,
680 2117 786 2166 quod
825 2117 952 2154 multis
996 2123 1085 2166 post
1122 2117 1234 2155 annis
1277 2117 1412 2154 iterum
1450 2119 1648 2156 reuocauit

257 2185 453 2223 Bentleius
483 2196 530 2221 ex
551 2183 681 2220 Voss.2
705 2189 743 2220 et
773 2190 861 2232 post
892 2181 1107 2219 Bentleium
1134 2182 1310 2228 Iacobus,
1333 2183 1434 2220 nulla
1456 2183 1649 2222 Carrionis

258 2252 358 2289 saeta
378 2250 587 2296 mentione,
610 2261 681 2286 nec
702 2261 725 2286 a
745 2248 890 2286 Iacobo
911 2260 981 2286 nec
1001 2260 1023 2285 a
1044 2247 1229 2286 Bentleio.

313 2316 361 2352 V.
384 2317 474 2364 483,
498 2317 574 2362 484

422 2392 501 2428 Aut
529 2402 692 2439 magnos
721 2389 858 2427 heroas
887 2396 975 2438 aget
1004 2389 1228 2439 scaenisque
1258 2393 1445 2440 †togatus

423 2457 562 2495 Omnis
592 2455 764 2494 fortunae
793 2455 940 2492 uultum
970 2468 1037 2505 per
1066 2456 1240 2493 membra
1270 2456 1436 2494 reducet.

317 2534 447 2572 Scribe
467 2534 602 2582 rogatis
623 2532 701 2570 siue
724 2531 902 2570 Romana
924 2538 1150 2582 argumenta
1170 2533 1428 2571 tractantibus.
