1786 2878
822 139 868 170 ll
1488 136 1543 182 55

148 240 357 293 Sagittarii)
383 242 503 291 magis
522 247 598 291 pro
620 244 774 290 tempore
799 253 878 279 non
909 252 1071 290 semper,
1093 240 1159 278 sed
1186 246 1321 278 natura
1347 241 1471 290 magis
1498 252 1543 278 ac

146 314 319 357 tempore
339 307 492 344 iubente
512 308 608 356 cogit
623 313 664 343 ut
685 307 837 344 faciant.
887 306 1021 356 Itaque
1043 308 1165 355 magis
1184 306 1264 342 uim
1286 318 1395 343 suam
1415 305 1543 351 habet,

147 386 272 423 neque
302 386 324 411 a
353 373 481 411 uerbis
506 379 581 421 pro
610 377 765 421 tempore
792 372 1037 410 auellendum
1067 378 1134 409 est.
1192 384 1333 409 uemens
1362 371 1455 422 quid
1486 372 1543 417 sit,

146 439 357 476 incertum:
390 450 482 474 num
495 439 668 488 fremens
689 437 782 475 suit?
1014 432 1017 435 ’

202 504 252 541 II.
276 506 364 549 622,
387 505 463 552 623

310 570 400 607 Plus
429 576 559 606 tamen
588 568 627 605 in
657 568 798 618 duplici
829 568 1111 606 numerandum
1141 575 1197 606 est
1227 568 1374 606 roboris
1403 579 1487 604 esse

311 635 384 673 Cui
413 635 646 672 commixtus
676 634 795 672 homo
816 640 873 672 est
893 647 1010 684 quam
1040 642 1088 681 te,
1120 633 1330 679 Nemeaee,
1353 634 1424 670 sub
1454 644 1540 670 un0.

146 700 243 738 Esse
271 701 410 738 uitiose
445 700 559 737 codd.
593 712 664 749 pro
692 713 742 737 ex
775 713 835 736 se:
877 712 977 749 quae
1012 700 1220 737 coniuncta
1248 705 1446 737 recurrunt
1474 697 1543 736 IV.

152 779 238 812 100,
272 779 358 814 129.
416 765 502 802 Pari
531 765 649 802 modo
678 767 718 802 in
744 778 779 802 se
808 765 847 801 in
868 766 941 814 ipse
969 765 1060 802 abiit
1090 765 1162 802 III.
1190 767 1279 811 461,
1308 765 1416 814 isque
1441 776 1545 801 error

146 832 262 869 etiam
283 831 439 869 Gembl.
464 831 614 876 inuasit,
635 843 715 868 uno
743 830 871 868 Voss.2
898 842 1033 868 uerum
1058 838 1247 868 seruante.
1307 830 1544 878 Sagittarius,

146 898 211 947 qui
232 897 373 946 duplex
398 902 466 942 est,
488 903 635 946 partem
661 896 831 933 hominis
857 896 1013 939 habens,
1030 903 1177 946 partem
1204 895 1317 941 ferae,
1338 895 1423 945 plus
1443 895 1546 932 ducit

147 976 194 1001 ex
216 975 256 1000 se
278 962 430 1000 roboris
450 974 568 1011 quam
589 961 734 999 Leonis
755 970 910 1000 astrum.

202 1029 253 1066 II.
285 1030 374 1076 629,
398 1029 477 1076 630

310 1093 500 1143 Quosque
530 1093 674 1130 dabunt
704 1091 846 1130 Chelae
875 1100 912 1130 et
943 1105 1041 1143 quos
1071 1091 1134 1129 dat
1165 1091 1342 1142 aquarius
1372 1098 1479 1128 ortus

308 1158 440 1196 Vnum
470 1165 606 1208 pectus
635 1158 779 1195 habent
809 1158 975 1208 fideique
1005 1157 1204 1195 immobile
1234 1157 1419 1194 uinclum.

149 1224 210 1262 Sic
232 1224 399 1262 codices.
434 1224 620 1261 Molinius
641 1224 679 1260 in
701 1223 759 1260 ed.
787 1234 884 1271 1551
910 1225 970 1261 uel
986 1237 1073 1272 quos
1093 1224 1159 1259 dal
1176 1223 1301 1260 edidit.
1349 1221 1546 1258 Bentleius

151 1290 318 1339 Quosque
346 1290 488 1327 dabunt
518 1289 671 1327 Gemini
698 1289 899 1338 Chelaeque
926 1294 960 1326 el
980 1290 1180 1338 Aquarius
1205 1293 1319 1325 ortus.
1380 1286 1547 1324 Facilius

146 1363 227 1393 erat
247 1355 410 1393 scribere

311 1421 499 1470 Quosque
529 1419 675 1458 dabunt
705 1420 859 1467 Chelae,
890 1432 989 1470 quos
1018 1418 1106 1457 edet
1134 1418 1328 1469 Aquarius
1357 1423 1462 1456 ortus

148 1499 239 1524 nam
259 1494 347 1536 post
367 1487 510 1524 dabunt
528 1487 729 1535 requiritur
754 1486 937 1523 futurum.

203 1552 255 1590 ΙΙ.
279 1554 356 1600 633
378 1564 463 1602 sqq.
481 1552 535 1590 sic
557 1558 689 1589 extant
710 1552 748 1588 in
770 1551 925 1589 Gembl.

313 1617 495 1667 Scorpius
525 1624 560 1655 et
591 1617 744 1655 Cancer
774 1617 939 1655 fraterna
968 1618 1007 1654 in
1037 1617 1196 1654 nomina
1226 1616 1371 1654 ducunt

309 1683 370 1720 Ex
401 1690 521 1720 semet
549 1683 713 1732 genitos,
745 1695 816 1721 nec
845 1696 925 1721 non
955 1690 991 1720 et
1020 1683 1190 1732 piscibus
1219 1682 1289 1720 orti

203 1750 279 1798 635
312 1748 562 1787 Concordant
591 1749 662 1785 illis
692 1761 784 1798 sepe
814 1756 871 1786 est
900 1755 937 1786 et
967 1748 1152 1785 subdolus
1182 1754 1291 1785 actus

313 1814 494 1863 Scorpius
525 1814 692 1864 aspergit
720 1827 845 1852 noxas
875 1815 945 1852 sub
975 1814 1132 1851 nomine
1163 1813 1276 1851 amici

310 1880 362 1917 At
391 1880 529 1929 quibus
558 1880 597 1917 in
626 1880 751 1917 lucem
781 1881 906 1929 pisces
935 1880 1178 1917 uenientibus
1208 1878 1349 1916 adsunt

312 1945 387 1983 His
416 1957 496 1982 non
526 1957 605 1983 una
626 1935 766 1983 manet
795 1958 948 1994 semper
977 1945 1168 1982 sententia
1196 1943 1304 1982 cordi

312 2010 564 2049 Commutant
593 2011 756 2056 animos,
788 2011 979 2048 interdum
1010 2017 1047 2048 et
1076 2009 1229 2047 faedera
1258 2015 1441 2058 rumpunt

205 2078 283 2123 640
314 2076 371 2114 Ac
402 2083 578 2126 repetunt
607 2083 807 2126 tectaeque
837 2076 918 2113 lues
948 2077 1021 2114 sub
1052 2075 1174 2113 fronte
1203 2081 1394 2124 uagantur

314 2141 375 2180 Sic
404 2142 473 2179 erit
501 2155 521 2179 e
552 2142 672 2191 signis
701 2142 835 2178 odium
866 2142 933 2178 tibi
962 2153 1115 2191 paxque
1147 2140 1318 2178 notanda

313 2207 359 2244 In
388 2207 495 2244 terris
523 2207 642 2256 geniti
670 2207 735 2244 tali
765 2207 836 2244 sub
865 2206 949 2256 lege
979 2213 1168 2244 creantur.

205 2275 281 2321 635
311 2273 396 2311 illos
412 2285 502 2310 nam
524 2285 614 2323 sepe
635 2279 692 2310 est
712 2286 731 2309 0
751 2273 823 2309 illis
837 2285 927 2309 nam
949 2285 1062 2322 saepe
1084 2279 1140 2310 est
1160 2272 1210 2309 ed.
1227 2271 1337 2308 Rom.
1360 2280 1472 2318 1510.
1493 2276 1550 2307 est

149 2351 216 2376 om.
229 2338 317 2376 Cus.
330 2343 365 2376 et
384 2338 557 2376 Vossz'cmz'
594 2339 646 2375 ed.
654 2338 824 2387 Regl'om.
842 2340 895 2374 sic
910 2338 1060 2376 exhibes
1074 2338 1104 2375 C
1109 2338 1331 2375 oncordant.
1349 2334 1551 2385 illos(nam

151 2416 264 2453 saepe
285 2411 342 2441 est
371 2404 557 2442 subdolus
578 2402 698 2453 actus)
724 2403 905 2453 Scorpius
935 2404 1104 2453 aspergit
1128 2403 1240 2440 noxis
1268 2402 1338 2438 sub
1364 2413 1400 2437 n.
1422 2400 1550 2438 amici.

152 2471 227 2518 637
260 2477 360 2507 astra
378 2476 452 2518 pro
481 2470 621 2507 adsunt
656 2467 769 2506 Voss?
799 2471 877 2515 640
907 2475 1085 2518 reputant
1120 2466 1232 2505 Voss?
1265 2480 1315 2503 an
1343 2465 1550 2516 reparant?

151 2540 354 2585 rectaeque
385 2535 565 2573 Vossz'czm'.
624 2537 696 2582 641
723 2541 760 2572 et
771 2541 846 2583 pro
866 2547 886 2572 e
918 2534 1091 2572 Vossz'anz'
1133 2546 1180 2571 ex
1201 2546 1219 2570 0
1240 2536 1340 2569 recte.
