1786 2878
820 147 852 179 V
1441 155 1523 199 209

137 250 331 303 intelligo’
351 253 546 303 praefatus
568 255 577 272 ‘
593 253 758 304 Repone
771 252 780 267 ’
800 254 852 292 ait
874 256 882 272 ‘
895 252 1149 303 Humor-isque
1176 256 1291 293 uomit
1315 257 1432 294 socias
1456 264 1526 306 per

137 324 264 356 mutua
301 318 418 357 dotes!
475 319 610 368 Itaque
648 319 742 356 nihil
781 319 933 369 reliquit
971 321 1077 369 quod
1112 320 1262 358 Manilii
1295 329 1404 367 esset,
1436 322 1526 360 fecit

137 385 269 421 omnia
288 384 461 422 Bentleii.
517 384 620 422 Nam
640 384 670 422 si
691 383 874 422 Manilius
903 385 1053 434 scripsit
1080 387 1220 423 umoris
1241 385 1338 436 (siue
1364 389 1522 435 umores)

135 450 252 486 uomit
281 451 379 487 socia
404 447 456 501 (h.
479 462 511 488 e.
541 448 702 499 sociata)
724 457 795 498 per
823 454 950 486 mutua
979 451 1066 496 dole,
1095 450 1290 490 Bentleius
1320 453 1460 490 umoris
1488 466 1525 490 u.

135 515 251 551 socias
271 521 343 563 per
371 528 417 552 m.
443 516 539 552 doles
566 515 747 564 reposuit,
777 521 858 552 tota
887 515 1071 553 orationis
1101 516 1248 554 sublata
1275 518 1523 567 proprietate,

136 591 217 617 non
237 580 314 617 iam
335 579 548 618 Maniliana
566 579 665 618 facta
685 586 742 618 est
762 580 829 618 sed
849 581 970 618 multo
991 582 1116 618 uerius
1136 581 1374 620 Bentleiana.

191 644 239 682 V.
260 647 308 682 68
315 647 444 694 5—687

244 709 304 747 De
333 710 462 748 salinis
490 717 569 748 arte
597 709 705 748 factis
733 710 866 748 dicens
896 710 1081 749 Manilius
1109 711 1204 750 haec
1234 712 1351 750 habet

299 775 400 813 Cum
429 775 597 814 solidum
626 783 732 814 certo
762 776 984 814 distendunt
1012 778 1185 826 margine
1215 790 1395 827 campum

297 840 584 891 Adpelluntque
613 853 685 879 suo
716 841 925 879 deductum
953 854 1001 880 ex
1031 855 1198 892 aequore
1227 843 1386 881 fluctum

299 906 602 956 Claudendoque
630 909 819 956 †negant.

191 974 267 1021 685
298 971 517 1010 distendant
550 971 688 1010 Gembl.
746 973 824 1009 686
851 971 914 1009 Ad
942 972 1165 1022 bellumque
1190 971 1328 1012 Gembl.
1347 978 1381 1011 et
1406 974 1523 1012 celeri.

138 1037 323 1076 Correxit
339 1037 521 1087 Scaliger.

189 1103 368 1142 Fortasse
401 1106 538 1151 necant,
569 1103 649 1141 siue
678 1103 869 1154 perimunt
898 1110 1075 1141 naturam
1104 1104 1220 1142 maris
1254 1103 1348 1143 dum
1379 1104 1432 1143 sic
1465 1105 1524 1142 in-

134 1169 309 1207 cluditur.

189 1234 238 1271 V.
261 1235 349 1283 706,
373 1243 447 1282 707

296 1300 363 1337 Ille
393 1298 597 1349 elephanta
625 1306 771 1349 premet
801 1299 917 1338 dorso
946 1300 1186 1351 stimulisque
1214 1301 1389 1339 monebit

296 1364 476 1413 Turpiter
504 1365 543 1401 in
572 1371 681 1402 tanto
711 1365 914 1403 cedentem
943 1366 1114 1415 pondere
1143 1366 1337 1408 †cunctis.

133 1430 307 1468 monebit
338 1428 450 1466 Voss?
477 1431 647 1467 monebit
681 1429 818 1468 Gembl.
850 1431 962 1469 Voss}
990 1431 1089 1481 quod
1111 1433 1288 1469 retinebat
1309 1431 1525 1470 Doruz'llz'us

133 1496 174 1533 ob
194 1508 369 1544 magnam
389 1496 572 1543 elephanti
587 1497 722 1532 molem.

189 1560 323 1609 ‘Lego
342 1562 493 1609 punctis
519 1561 626 1610 quod
652 1560 858 1611 respondet
882 1565 928 1610 τῷ
951 1562 1112 1599 stimulis
1130 1574 1266 1600 uersus
1293 1562 1523 1612 superioris‚’

134 1626 329 1671 Hunrrus,
357 1626 500 1675 optime
529 1633 566 1664 et
594 1638 656 1664 me
686 1627 810 1664 iudice
840 1633 876 1664 et
905 1626 1096 1665 Doruillio
1125 1627 1175 1665 ad
1206 1627 1347 1665 Charit.
1373 1640 1408 1677 p.
1432 1637 1522 1676 591.

134 1691 240 1738 Quid
260 1690 480 1728 Bentleius?
529 1694 537 1710 ‘
550 1691 657 1729 Vidit
677 1693 885 1729 absurdum
902 1692 1079 1739 Huetius‚
1100 1699 1137 1730 et
1156 1693 1347 1730 substituit
1358 1695 1523 1742 punctis.

131 1757 250 1806 Atqui
270 1757 345 1794 iam
366 1756 514 1794 dixerat
533 1764 666 1796 auctor
686 1758 847 1795 stimulis
867 1758 1031 1796 monebit.
1088 1757 1227 1808 Neque
1246 1760 1404 1807 turpiter
1423 1758 1523 1797 cedit

133 1809 304 1869 stimulis,
327 1822 394 1860 sed
414 1823 620 1872 sapienter,
677 1822 842 1873 Repone
868 1823 1044 1872 Turpiter
1070 1824 1111 1861 in
1139 1828 1240 1861 lanto
1270 1824 1522 1862 scandentem

122 1889 282 1937 pondere
323 1886 454 1926 funes!
513 1887 618 1934 Quid
658 1888 852 1926 Iacobus?
910 1889 1044 1927 Huetii
1087 1890 1348 1927 coniecturam
1391 1889 1520 1937 edidit,

133 1953 265 1990 Huetii
286 1953 430 1990 nullam
448 1954 685 1991 mentionem
705 1953 800 2000 fecit,
824 1958 832 1973 ‘
845 1954 932 2003 Ego
953 1952 1121 1992 correxi’
1143 1954 1354 1993 adnotauit.

186 2018 234 2055 V.
258 2027 440 2067 717-719
462 2019 516 2056 sic
538 2026 667 2056 extant
688 2020 726 2056 in
747 2018 900 2056 Gembl.

294 2083 400 2121 Tum
429 2090 609 2132 quartum
639 2084 890 2133 quintumque
920 2096 1042 2134 genus
1071 2084 1302 2122 discernitur
1329 2088 1446 2124 omne

293 2148 328 2186 E
357 2161 518 2186 numero
549 2161 775 2198 summaque
805 2149 944 2198 gradus
974 2150 1039 2198 qui
1067 2150 1237 2198 iungitur
1266 2162 1391 2199 angue

293 2213 468 2251 Maxima
496 2227 564 2263 per
592 2214 774 2251 minimos
803 2227 918 2252 censu
949 2215 1188 2252 concluditur
1218 2216 1309 2253 imo.

241 2288 315 2328 717
338 2291 454 2316 omne
482 2279 570 2317 Cus.
592 2284 625 2315 el
632 2280 809 2328 plerique.
871 2282 946 2328 718
967 2281 1021 2317 sic
1044 2280 1132 2318 Cus.
1190 2290 1266 2329 719
1288 2292 1368 2318 uno
1391 2278 1480 2319 Cus.

185 2343 285 2382 Puto
305 2345 359 2381 sic
378 2344 623 2392 refingendos
644 2357 727 2382 esse
747 2344 819 2382 hos
839 2357 902 2382 uu.

293 2409 400 2447 Tum
429 2418 607 2459 quartum
635 2410 888 2460 quintumque
917 2423 1040 2459 genus
1070 2411 1295 2448 discernitur
1324 2411 1430 2448 omni

292 2474 328 2511 E
355 2487 530 2521 numero,
560 2487 827 2525 summamque
857 2476 997 2524 gradus
1027 2477 1092 2526 qui
1121 2476 1239 2513 uincit
1267 2482 1483 2526 utramque,

295 2538 471 2579 Maxima
499 2553 588 2591 pars
618 2541 798 2579 minimos
828 2552 946 2578 censu
976 2541 1170 2580 concludit
1198 2549 1235 2578 et
1264 2541 1374 2579 imos.

809 2618 828 2642 P
