1786 2878
847 139 878 169 V
1472 127 1553 181 185

159 243 345 294 pluralem
368 244 522 294 fingent
546 243 596 281 ad
624 256 730 282 aram
759 256 849 281 cum
879 243 994 281 stellis
1021 255 1105 281 eam
1135 242 1388 292 figurantibus
1415 241 1555 278 referri.

161 310 191 347 I.
223 323 297 358 432
333 314 420 347 tunc
452 309 620 359 Iuppiter
648 323 740 346 arae
773 308 910 346 Sidera
943 310 1137 353 consfituit,
1168 322 1259 357 quae
1292 320 1388 344 nunc
1420 319 1555 355 quoque

160 376 333 412 maxima
354 376 526 425 fulgent.
582 376 704 413 Aliter
733 375 899 412 Iacobus
931 382 968 412 et
997 374 1156 419 fortasse
1189 374 1337 410 uerius:
1379 372 1555 409 ‘liberius

161 441 378 478 orationem
399 448 546 479 struens
566 441 662 478 redit
682 440 730 478 ad
750 441 1006 478 intermissam
1026 453 1061 478 u.
1074 468 1078 471 -
1086 452 1163 488 340
1186 437 1551 488 interrogationem:

162 504 268 550 Quid
289 512 396 544 ortus
417 508 516 544 Arae
536 505 728 556 fingent?'

216 570 282 609 ‘V·
304 585 381 620 349
403 571 507 622 sqq}

328 648 513 695 Quattuor
540 650 717 699 appositis
749 648 960 687 Centaurus
981 648 1158 698 partibus
1187 647 1292 697 {fferl

323 713 472 761 Szklera,
503 720 537 751 et
562 728 612 752 ex
642 717 720 764 {pso
750 728 865 752 mores
895 715 1126 752 nascentibus
1155 713 1270 750 addit.

321 780 408 817 Aut
433 782 592 817 stimulis
620 782 739 830 'ragit
765 782 921 818 autoffzl's
950 782 1157 828 mixtosque
1185 778 1331 827 iugabit

325 844 470 883 Semz'ne
497 847 757 895 quadrupedes,
784 851 851 884 aut
877 859 996 883 curru
1025 847 1153 882 celsior
1182 845 1259 889 ibit,
1289 847 1350 880 etc.

216 926 272 965 Le
303 940 387 966 vers
423 938 495 976 351
535 935 591 966 est
622 927 748 966 altere.
819 928 930 967 Nous
964 941 1085 965 avons
1119 926 1250 965 donne
1285 926 1321 963 la
1354 925 1467 974 lecon
1501 923 1554 961 du

162 992 454 1031 Gemblacensis
468 1006 477 1040 ;
512 994 546 1031 le
567 993 781 1031 Vossianus
802 994 819 1030 I
844 1001 880 1031 et
907 994 941 1031 le
963 993 1140 1031 Cusanus
1167 998 1345 1042 portent:
1382 991 1466 1039 agit
1489 993 1557 1026 aut

160 1071 311 1103 omnes,·
339 1059 374 1096 le
400 1058 632 1108 Lipsiensis:
663 1061 826 1108 agitavit
847 1064 914 1096 aut
935 1061 1026 1096 07722'5
1046 1059 1132 1109 <avi
1153 1072 1175 1096 a
1201 1057 1259 1095 ete
1281 1055 1496 1106 exponetue
1518 1061 1555 1092 et

161 1135 213 1160 un
242 1137 258 1160 e
287 1137 309 1162 a
337 1123 395 1161 ete
425 1124 518 1162 ecrit
546 1125 748 1163 au-dessus
780 1125 827 1162 de
862 1126 905 1162 l'z'
935 1126 981 1163 de
1016 1122 1138 1175 offam
1183 1125 1216 1161 le
1244 1123 1458 1161 Vossianus
1489 1121 1552 1158 11:

160 1190 307 1226 stimuli
330 1192 499 1238 sagz'tcmt
525 1203 628 1229 onus.
690 1189 746 1228 La
774 1191 990 1228 correction
1023 1190 1070 1227 de
1103 1190 1284 1238 Bentley:
1329 1188 1410 1225 Hic
1438 1188 1555 1230 mulos

160 1260 246 1304 aget
271 1260 339 1292 aut
363 1269 516 1293 mannos
542 1263 598 1293 est
625 1263 712 1305 trop
737 1256 892 1302 hardie;
928 1257 1020 1294 celle
1047 1256 1094 1294 de
1120 1256 1260 1293 Iacob:
1289 1254 1372 1292 Aut
1392 1252 1555 1290 stimulis

160 1321 322 1369 agitabit
343 1334 434 1357 onus
459 1329 515 1358 est
542 1334 705 1371 presque
736 1322 971 1371 impossible.
1019 1322 1062 1372 Je
1090 1322 1262 1370 corrige:
1287 1320 1369 1356 Aut
1392 1318 1554 1356 stimulis

163 1398 264 1424 AGET
285 1399 389 1424 ANTE
411 1399 539 1424 Bouas.
583 1387 683 1435 Aget
700 1392 784 1424 ante
803 1388 824 1424 i.
839 1401 871 1425 e.
892 1394 980 1436 aget
1001 1394 1088 1424 ante
1110 1399 1161 1424 se.
1205 1385 1265 1423 Cf.
1279 1385 1395 1434 Verg.
1410 1383 1554 1431 Georg.

162 1452 236 1490 111.
259 1462 357 1499 552:
387 1452 546 1488 Pallida
572 1452 765 1502 Tisiphone
784 1453 943 1490 Morbos
964 1465 1055 1491 AGIT
1077 1465 1179 1490 ANTE
1198 1451 1422 1498 llletumque.

215 1518 376 1566 Ajoutez
420 1517 585 1564 Tibulle,
617 1518 646 1555 I.
682 1531 713 1555 1.
746 1531 818 1567 30:
872 1520 956 1556 Aut
985 1520 1132 1556 stimulo
1170 1518 1297 1554 tardos
1335 1514 1557 1564 z'ncrepuz'sse

161 1581 288 1621 boues?
1401 1587 1403 1589 '

215 1648 264 1686 V.
285 1657 469 1697 354-357
492 1648 545 1686 sic
567 1656 697 1686 extant
718 1650 755 1686 in
778 1649 929 1688 Gembl.

323 1725 392 1763 Ille
423 1733 525 1763 tenet
553 1727 700 1764 medias
730 1733 828 1763 artes
859 1727 907 1764 ad
937 1727 1111 1764 membra
1140 1726 1307 1763 serarum

320 1790 371 1828 Et
400 1803 479 1828 non
508 1791 659 1829 auditos
688 1800 882 1829 mutarunt
910 1792 1041 1830 tollere
1068 1793 1228 1829 morbos

324 1856 414 1894 Hoc
444 1863 502 1894 est
531 1857 620 1894 artis
649 1869 745 1906 opus
775 1869 855 1894 non
883 1865 1085 1906 expectare
1115 1856 1305 1906 gementis

217 1930 291 1970 357
323 1920 374 1959 Et
402 1922 473 1959 sibi
503 1934 582 1960 non
612 1935 751 1971 aegros
780 1923 856 1959 iam
886 1923 1032 1960 dudum
1063 1923 1216 1960 credere
1247 1933 1397 1970 corpus.

378 1998 454 2036 355
476 1979 602 2025 muta—r
625 1987 714 2026 Cus.
771 1991 848 2037 356
871 1988 958 2027 Hac
989 1987 1102 2026 Voss.2

216 2070 322 2108 Olim
367 2071 588 2108 emendarat
631 2070 800 2119 Scaliger
847 2072 1015 2117 medicas,
1054 2076 1266 2108 mutarum:
1316 2079 1404 2118 357,
1443 2081 1491 2106 ne
1531 2080 1554 2106 a

161 2135 364 2173 Gronouio
386 2136 540 2185 quidem
563 2143 750 2181 sanatum,
774 2138 825 2174 sic
846 2137 1065 2174 refinxerim
1086 2136 1142 2173 Et
1165 2137 1241 2173 sibe·
1255 2148 1325 2172 non
1345 2147 1455 2183 aegro
1477 2135 1552 2170 iam

160 2201 294 2238 dudum
314 2203 455 2238 credere
469 2209 609 2251 colpus,
625 2201 660 2238 h.
675 2214 706 2239 e.
719 2207 753 2238 et
769 2216 921 2250 aegrum
937 2210 1069 2252 corpus
1085 2204 1158 2240 iam
1176 2203 1311 2239 dudum
1327 2214 1397 2237 non
1414 2200 1554 2237 credere

160 2279 272 2316 aegro
291 2268 372 2313 sibi,
394 2280 491 2317 quae
519 2274 576 2305 est
597 2279 658 2304 ars
685 2268 824 2305 medici
840 2268 1022 2314 maxima,
1041 2275 1082 2305 ut
1105 2269 1181 2305 iam
1209 2266 1419 2315 aegrotanti
1446 2266 1553 2314 prius

161 2339 356 2369 succurrat
376 2345 493 2381 quam
514 2332 664 2370 relictus
685 2333 755 2369 sibi
776 2334 932 2370 morbus
953 2334 1153 2371 inualuerit
1169 2345 1239 2370 nec
1256 2332 1407 2369 medico
1423 2331 1552 2368 locum

162 2398 321 2435 sanandi
349 2399 541 2448 praebeat.
592 2398 668 2436 Sed
688 2411 818 2436 rursus
838 2398 976 2437 haereo
998 2399 1036 2436 in
1058 2406 1242 2437 structura
1262 2397 1551 2442 infinitiuorum‚

562 2545 572 2565 ¹
599 2546 692 2579 Haec
709 2546 748 2578 ad
766 2557 817 2579 me
834 2547 921 2580 misit
938 2547 1143 2580 'l'homasius
