1786 2878
230 132 284 173 90
653 130 847 161 NOCTES
874 129 946 160 MA
953 130 1088 161 NILIA
1095 130 1160 161 NA
1170 131 1199 161 E

229 233 353 271 bracis
378 233 535 283 Torqut's
560 235 605 271 ab
632 236 749 272 incisa
774 236 905 272 decz'dz'l
929 249 1022 273 unca
1042 237 1137 285 gula
1163 236 1340 286 expedita
1361 237 1400 274 fit
1428 244 1615 275 structura

229 300 261 337 si
282 299 434 348 Illz'pro
450 299 538 336 Illic
557 301 823 349 interpreteris.
882 301 1013 338 quen.
1030 313 1061 338 v.
1079 314 1126 348 42
1140 303 1341 350 praeclara
1361 304 1423 339 illi
1437 303 1615 339 laudatur

229 365 358 413 2215sz
379 365 487 402 multi
515 365 667 403 codices
697 366 784 411 illic,
806 365 1038 404 Pithoeanus
1067 373 1103 403 et
1130 366 1190 403 alii
1217 379 1277 416 ap.
1301 366 1526 416 Rupertium
1546 368 1615 413 illi,

229 429 334 478 quod
350 429 499 466 reduxit
514 429 770 468 Buechelerus
787 443 795 468 ε
826 443 916 468 narn
937 431 1089 469 datiuus
1110 444 1191 469 non
1210 439 1336 482 potest
1356 444 1451 470 esse.
1500 432 1615 470 Ouid.

229 494 345 532 Trist.
366 494 388 533 i.
414 508 445 533 1.
473 505 516 544 17
540 495 689 544 Siquis
718 501 760 533 ul
786 497 825 533 z'n
835 497 972 546 populo
991 497 1113 533 nostri
1127 510 1198 534 non
1218 498 1404 544 inmemor,
1425 498 1492 543 illi,
1515 505 1615 535 recte

229 560 321 597 mihi
361 560 511 598 uidetur
543 559 579 598 S.
609 560 656 598 G.
687 561 809 599 Owen
848 563 911 598 illi
942 574 990 599 ex
1029 561 1330 611 Guelferbytano
1362 569 1400 600 et
1426 562 1616 600 Vaticano

234 626 336 663 1606
357 625 540 671 retulisse,
561 627 738 674 quamuis
758 626 796 663 in
817 627 988 676 pluribus
1009 628 1070 664 illo
1090 627 1288 665 inuenerit.

282 702 346 728 uu.
362 703 382 739 3
393 703 407 727 1
419 703 449 736 1,
468 703 513 739 31
525 703 542 728 2
576 691 768 729 Bentleius
785 693 933 741 spurios
950 692 1080 729 habuit
1095 706 1102 729 :
1125 693 1370 742 probabiliter
1382 692 1443 730 ille
1459 692 1616 742 quidem

229 754 297 793 sed
327 767 407 793 non
429 762 471 793 ut
500 756 698 805 explorata
724 769 783 795 res
813 758 858 795 Sit
874 755 898 795 ¹.
955 756 1059 794 Nam
1080 758 1144 807 qui
1173 762 1428 795 transuersum
1456 760 1616 795 uertitur

229 820 372 858 dixerat
394 823 481 869 308,
503 822 625 871 potuit
645 822 760 859 etiam
765 823 876 873 falsi
875 823 1048 873 fallacia
1062 823 1187 861 dicere
1202 836 1246 871 31
1259 836 1290 861 1.
1349 836 1393 872 31
1405 836 1423 860 2
1447 835 1518 872 pro
1537 822 1617 860 Nec

230 886 499 935 reponendum
518 899 603 924 reor
624 886 686 924 Et.
706 890 714 906 ‘
731 887 819 924 The
839 887 1034 938 treachery
1053 887 1096 925 of
1111 888 1173 925 the
1193 889 1389 926 uncertain
1411 888 1480 937 sky
1501 889 1530 926 is
1551 894 1618 926 not

228 951 417 1000 palpable,
439 951 515 988 and
535 951 599 990 the
619 952 746 1002 nights
766 965 829 990 are
849 953 1016 990 uniform
1035 953 1293 1003 perpetually.'

284 1025 354 1063 III.
379 1038 454 1074 323
477 1038 559 1075 sqq.
582 1026 634 1063 sic
656 1034 786 1064 extant
807 1027 845 1063 in
865 1026 1018 1065 Gembl.

391 1091 442 1128 At
471 1091 581 1129 simul
610 1104 657 1129 ex
687 1092 749 1129 illa
778 1099 962 1130 terrarum
991 1099 1097 1143 parte
1127 1092 1286 1131 recedas

600 1156 655 1187 uel
672 1156 713 1187 ad
768 1157 821 1188 uel
840 1168 874 1188 os

392 1199 588 1250 Quicquid
617 1202 665 1238 ab
695 1207 867 1241 extremo
898 1208 1014 1240 temet
1043 1201 1296 1251 praeuecteris
1326 1214 1398 1240 axe

287 1275 363 1314 325
395 1265 468 1303 Per
496 1278 671 1304 conuexa
699 1267 840 1316 gradus
868 1279 1042 1316 gressum
1072 1267 1222 1316 fastigia
1251 1274 1372 1305 terrae

393 1331 524 1377 Quam
552 1332 657 1369 tereti
687 1339 821 1370 natura
851 1333 933 1370 solo
963 1333 1169 1370 decircinat
1199 1333 1293 1370 orbe

392 1396 438 1434 In
468 1397 655 1434 tumidum
685 1404 721 1435 et
749 1398 915 1436 mediam
945 1398 1092 1436 mundo
1122 1397 1323 1447 suspendit
1352 1398 1400 1435 ab
1430 1397 1536 1435 omni

392 1461 497 1511 Ergo
526 1463 590 1499 ubi
618 1463 804 1501 consedes
833 1465 965 1501 orbem
994 1463 1261 1513 scandensque
1290 1462 1498 1500 rotundum

393 1527 624 1576 Degrediere
655 1529 767 1565 simul
797 1528 914 1577 fugiet
942 1541 1030 1578 pars
1059 1529 1172 1566 altera
1201 1536 1323 1567 terrae

287 1605 364 1642 330
393 1593 524 1630 Altera
550 1593 729 1631 reddetur
758 1594 825 1631 sed
853 1601 1037 1644 quantum
1068 1594 1256 1632 inflexerit
1284 1594 1377 1632 orbe

393 1658 565 1695 Tantum
594 1659 791 1696 inclinauit
820 1660 915 1697 caeli
944 1659 1114 1709 positura
1142 1659 1309 1697 uolantis

391 1722 442 1760 Et
470 1723 589 1761 modo
613 1735 711 1773 quae
741 1723 890 1761 fuerant
919 1724 1112 1773 surgentia
1140 1724 1268 1761 limitis
1298 1730 1388 1762 octo

396 1787 538 1837 Sydera
566 1795 724 1826 curuato
753 1789 943 1826 ducuntur
972 1789 1010 1826 in
1039 1788 1193 1827 aethera
1222 1796 1355 1826 tractu.

287 1874 363 1912 324
395 1863 592 1914 Quidquid
623 1863 735 1902 ls'oss?
754 1878 773 1902 ο
801 1865 849 1902 ad
877 1872 1196 1903 extremos—axe
1231 1864 1343 1902 1⁷0ss.2
1367 1865 1416 1902 ab
1445 1872 1618 1903 extremo

230 1941 358 1966 —axe
397 1928 507 1966 Voss.¹
540 1929 627 1968 Czts.
657 1930 763 1979 Lz'ps.
785 1930 836 1967 bo
864 1930 1110 1980 praeuertelis
1148 1929 1258 1968 l·‘'0ss.¹
1288 1931 1308 1968 b
1337 1931 1562 1980 peruerteris
1590 1944 1619 1968 0.

233 2005 309 2043 325
339 1995 469 2043 grauis
492 1995 781 2045 Voss.²fhrlasse
795 1996 927 2045 gradu.
970 1996 1128 2045 uestigia
1146 1995 1232 2033 Cus.
1256 1995 1367 2033 Voss.l
1384 2008 1403 2033 0
1448 1998 1522 2044 326
1541 1996 1622 2034 sola

232 2073 252 2097 0
272 2059 340 2097 soli
360 2061 409 2096 ed.
425 2059 536 2096 Rom.
557 2062 653 2097 anni
673 2072 784 2109 1510.
841 2061 1017 2099 Forlasse
1045 2062 1171 2099 teretis
1199 2068 1334 2098 natura
1354 2061 1435 2106 soli,
1455 2065 1497 2098 ul
1512 2066 1564 2098 est
1581 2063 1620 2098 in

231 2126 284 2161 ed.
299 2124 418 2174 Neap.
435 2126 527 2163 orbe
553 2126 863 2163 Vossiam'orbem
884 2127 904 2163 b
918 2139 947 2163 0.
1006 2136 1080 2175 327
1113 2127 1150 2163 in
1164 2126 1309 2163 mundo
1333 2126 1504 2163 1¹⁷0ssz'anz'
1517 2127 1621 2164 ambo

236 2189 324 2228 Cus.
359 2190 520 2228 adorum
560 2190 672 2228 Voss.2
729 2194 804 2239 328
835 2191 1020 2229 consedes
1059 2192 1230 2229 mss-mm·
1255 2191 1368 2236 ambo,
1407 2190 1493 2229 Cus.
1527 2204 1620 2229 con-

233 2255 394 2294 scendes
407 2256 427 2292 b
439 2255 624 2292 Bentlez'us
637 2257 901 2294 conscendens
914 2269 933 2293 0
962 2257 1201 2306 scandesque
1226 2256 1518 2302 Vossianz'amb0‚
1531 2255 1619 2294 Cus.

277 2372 287 2391 ¹
312 2373 434 2405 Nescio
456 2383 497 2404 an
521 2374 724 2405 scribendum
754 2375 795 2405 sit
823 2379 1053 2405 lransucrsmn
1066 2375 1231 2416 flectitur.
1279 2374 1374 2405 Certe
1399 2373 1429 2403 in
1454 2373 1621 2405 Ciceronis

235 2425 364 2457 Arateis
382 2434 443 2465 134
458 2426 513 2456 Sic
533 2436 687 2456 conuersa
709 2431 802 2456 uclus
816 2431 914 2467 super
932 2427 1062 2457 aethera
1087 2427 1233 2457 uertitur
1257 2427 1356 2465 Argo,
1374 2426 1427 2456 uix
1444 2436 1555 2456 sanum
1573 2431 1620 2457 est

236 2478 394 2515 uertitur,
422 2488 495 2509 cum
527 2486 585 2517 133
616 2477 866 2518 Adam-samque
899 2487 955 2518 ¹32
988 2478 1173 2509 Ol'uerlunt
1204 2477 1397 2518 praecedat:
1422 2477 1619 2518 reposuerim

233 2528 387 2565 flectitur.
