1786 2878
223 120 276 171 76
640 126 835 159 NOCTES
861 126 1192 158 MANJLIANAE

277 234 327 271 ΙΙ.
349 245 438 282 943,
461 245 483 280 4
513 233 566 270 sic
588 241 674 270 sunt
694 233 734 270 in
756 232 910 271 Gembl.

386 298 496 336 Haec
526 304 590 335 tua
619 298 760 347 templa
790 297 914 335 ferunt
944 296 1051 334 Maia
1080 296 1238 335 Cillenie
1267 304 1356 334 nate

385 362 422 401 O
453 362 566 400 facies
594 362 744 411 signata
773 369 876 408 nota,
907 361 1010 412 quod
1039 374 1182 399 nomen
1213 370 1249 399 et
1277 362 1349 411 ipsi

279 439 357 478 945
386 428 575 465 Auctores
604 427 670 464 tibi
699 427 790 465 dant
813 434 911 465 artes
941 439 1018 475 qua
1047 427 1151 464 ducit
1181 425 1406 476 Olympum.

385 493 432 530 In
460 504 535 542 qua
563 492 752 530 fortunam
781 500 958 530 natorum
986 492 1155 529 condidit
1183 503 1342 529 ornnem

386 557 533 595 Natura
562 570 609 595 ex
639 557 703 595 illo
732 557 928 607 suspendit
955 562 1047 595 uota
1074 564 1287 606 parentum.

280 635 357 671 944
403 625 425 668 ῼ
458 622 573 660 facies
597 621 753 659 Iacobus
807 629 906 660 artes
929 634 1006 672 qua
1035 621 1139 659 ducit
1162 621 1250 660 Cus.
1281 621 1454 659 Vossianz·
1504 633 1611 660 arces

225 700 303 738 qua
323 688 426 726 ducit
445 700 476 726 0.

281 765 343 790 uu.
372 766 462 802 944,
497 764 517 801 5
548 751 741 791 Bentleius
770 752 1002 802 proscripsit.
1065 751 1202 798 ‘Quae
1231 753 1333 790 enim
1347 751 1510 803 facies?
1537 763 1614 801 qua

226 821 345 855 nola?
369 818 475 867 quod
493 818 665 855 nomenfl'
722 817 914 867 Principio
936 824 1156 867 suspectum
1178 824 1234 855 est
1257 816 1300 864 Ο,
1322 817 1427 867 quod
1448 817 1613 855 Iacobus

227 883 473 920 emendatum
492 883 569 920 ibat
589 882 791 920 scribendo
820 885 841 927 ῼ
859 913 867 929 ,
889 895 966 932 quo
992 883 1103 932 signo
1125 881 1339 920 Mercurius
1359 882 1439 920 siue
1460 881 1616 926 στίλβων

227 950 430 988 notabatur
467 950 517 986 ab
554 949 728 998 antiquis.
795 948 842 986 Id
879 954 920 986 ut
958 948 1244 997 adprobaretur,
1284 947 1615 998 quemadmodum

228 1020 383 1052 sonaret
424 1013 672 1051 indicandum
723 1020 814 1051 erat.
884 1013 949 1050 An
992 1013 1025 1050 Ο
1063 1014 1256 1062 scriptum,
1293 1016 1316 1058 ῼ
1357 1013 1614 1062 significatum

229 1079 396 1117 Iacobus
433 1079 607 1129 putauit?
662 1078 715 1116 At
746 1078 851 1116 nuda
888 1078 1010 1127 figura
1047 1078 1176 1116 circuli
1213 1078 1357 1127 reliqua
1390 1090 1477 1128 pars
1515 1078 1615 1127 signi

228 1145 294 1182 uix
333 1144 373 1181 in
410 1152 579 1181 mentem
616 1143 832 1193 legentibus
870 1155 1069 1181 recursura
1093 1150 1183 1181 erat.
1244 1142 1336 1181 Non
1369 1144 1471 1181 enim
1509 1142 1615 1180 Mer-

229 1210 376 1247 curium
405 1209 542 1255 solum,
575 1209 642 1246 sed
680 1215 718 1247 et
756 1208 922 1246 Martem
946 1215 983 1246 et
1020 1208 1223 1255 Venerem,
1262 1209 1452 1246 orbiculus
1491 1209 1617 1257 desig-

230 1275 370 1312 nabat:
405 1286 532 1324 neque
561 1274 729 1312 Iacobus
758 1274 924 1312 ostendit
954 1273 1146 1311 Stz'lbonlis
1179 1285 1323 1311 nomen
1352 1273 1415 1311 tali
1445 1274 1616 1311 orbiculo

231 1340 461 1377 adhaesisse.
527 1339 661 1389 Itaque
691 1340 721 1377 si
750 1353 769 1376 ο
799 1339 982 1377 circulum
1012 1339 1227 1388 significare
1257 1339 1402 1385 credas,
1423 1339 1472 1376 ad
1498 1351 1617 1376 ouum

231 1405 321 1442 illud
350 1405 479 1454 potius
509 1404 646 1442 referas
676 1405 781 1455 quod
810 1405 905 1441 inter
931 1404 1094 1453 insignia
1123 1411 1202 1441 erat
1231 1404 1292 1441 dei
1321 1403 1476 1441 Theuth
1502 1416 1618 1454 quem

231 1470 340 1508 Plato
370 1470 410 1506 in
440 1469 616 1507 Phaedro
649 1480 724 1517 274
762 1469 851 1506 dicit
885 1470 1026 1516 ἀριθμόν
1064 1485 1100 1505 τε
1139 1471 1192 1505 καὶ
1223 1472 1393 1517 λογισμὸν
1425 1470 1533 1516 εὑρεῖν
1565 1471 1620 1505 καὶ

230 1537 438 1584 γεωμετρίαν
456 1537 509 1571 καὶ
528 1535 764 1582 ἀστρονομίαν,
783 1534 844 1572 alii
861 1535 1028 1572 eundem
1049 1547 1139 1572 cum
1159 1535 1306 1572 Herme
1329 1535 1409 1572 siue
1425 1534 1618 1573 Mercurio

232 1601 417 1638 fecerunt.
446 1600 582 1649 Papyr.
592 1600 682 1637 Brit.
695 1599 798 1638 Mus.
812 1599 887 1637 xlvi
901 1602 965 1648 ἐγώ
979 1601 1046 1645 εἶμι
1060 1601 1140 1636 Θὼθ
1151 1603 1337 1647 φαρμάκων
1349 1602 1402 1636 καὶ
1414 1603 1620 1648 γραμμάτων

232 1667 368 1714 εὑρετὴς
391 1667 444 1701 καὶ
463 1666 610 1710 κτιστὴς.
658 1667 724 1713 ἐγώ
745 1667 812 1710 εἶμι
824 1665 944 1712 ”Ηρων
963 1664 1100 1715 (Ηβων
1112 1664 1143 1716 Ρ)
1163 1666 1309 1711 ἔνδοξος,
1335 1667 1401 1701 ὠὸν
1419 1665 1532 1712 ἴβεως,
1555 1667 1620 1702 ὠὸν

234 1733 373 1779 ἱέρακος,
395 1733 479 1780 ζῷον
498 1732 651 1777 φοίνικος
669 1730 926 1777 ἀεροφοιτήτου.

287 1808 322 1833 u.
342 1804 418 1844 945
444 1795 498 1833 sic
522 1794 755 1832 refinxerunt
775 1795 826 1831 Α.
847 1799 870 1832 l.
891 1795 925 1832 d.
948 1795 1044 1831 artis
1065 1807 1157 1843 quae
1175 1795 1209 1831 d.
1234 1793 1277 1831 0.
1294 1807 1303 1841 ;
1333 1795 1402 1833 sed
1425 1795 1526 1833 unde
1545 1809 1619 1845 qua

234 1874 306 1911 pro
325 1874 416 1910 quae
431 1863 452 1897 ‚³
506 1859 648 1897 Melius
668 1860 722 1897 sic
742 1859 883 1908 corrigi
912 1860 1046 1909 potuit,
1068 1861 1164 1896 ανίιζς
1189 1873 1263 1908 qua
1283 1861 1387 1897 ducis
1413 1860 1618 1910 Olympum,

235 1938 326 1965 cum
360 1925 618 1964 astronomiae
657 1933 827 1974 repertor
860 1924 920 1962 hic
959 1924 1052 1962 deus
1089 1924 1210 1962 fuerit.
1281 1925 1358 1963 Sed
1395 1926 1622 1976 interpolata

235 1977 363 2041 potius
388 1991 512 2028 habeo
533 1990 631 2039 quod
650 2003 774 2027 nomen
800 1994 833 2027 et
857 1991 933 2039 ipsi
947 1990 1127 2027 Auclores
1145 1990 1216 2027 tibi
1239 1991 1332 2027 dant
1348 1996 1446 2028 artes
1458 2005 1477 2035 ,·
1507 1999 1622 2041 poeta

235 2057 437 2107 scripserat

399 2120 436 2159 O
465 2120 581 2158 facies
610 2121 761 2169 signata
790 2127 891 2165 nota,
920 2132 997 2170 qua
1026 2120 1133 2158 ducis
1163 2120 1383 2170 Olympum,

398 2186 445 2224 In
475 2198 550 2235 qua
579 2185 769 2223 fortunam
800 2194 977 2223 natorum
1005 2186 1176 2223 condidit
1204 2198 1360 2224 omnem

400 2251 556 2296 Natura,
582 2263 629 2288 ex
659 2251 721 2288 illa
751 2251 950 2300 suspendit
979 2258 1069 2288 uota
1097 2259 1310 2300 parentum.

293 2317 370 2355 Hic
395 2316 428 2354 O
446 2316 657 2353 interiectio
676 2316 744 2353 erit
762 2328 769 2352 ε
800 2324 924 2353 cetera
944 2316 1177 2354 doctioribus
1204 2316 1387 2366 relinquo,
1408 2317 1622 2356 cuiusmodi

240 2383 301 2420 illa
319 2388 408 2419 nota
425 2381 543 2426 suerit,
559 2381 733 2418 incertus.
769 2380 838 2418 Est
854 2389 980 2418 tamen
998 2382 1089 2419 tanti
1104 2381 1283 2419 Martiani
1299 2381 1480 2432 Capellae
1495 2383 1623 2421 locum

240 2447 385 2484 adferre
406 2447 471 2496 qui
492 2446 565 2483 huc
587 2446 773 2494 quadrare
789 2454 912 2495 potest
929 2447 964 2484 ii.
986 2456 1057 2494 174
1082 2447 1299 2484 Vem'tetiam
1316 2449 1490 2496 quaedam
1504 2449 1624 2486 decens

241 2525 283 2548 ac
296 2512 540 2561 pudz'cz'sst'ma
552 2511 774 2560 puellarum,
797 2524 887 2560 quac
899 2513 1055 2561 praesul
1076 2513 1199 2549 domus
1223 2518 1405 2561 custosque
1428 2512 1622 2562 Cistenl'ae.
