1786 2878
806 151 852 183 Il
1464 154 1514 199 73

183 258 260 305 906
291 256 457 294 nutantis
474 255 561 294 Cus.
585 253 697 292 Voss.²
737 255 918 292 mutantis
944 254 1056 292 Voss.2
1070 268 1099 292 0.
1139 264 1216 303 907
1241 254 1411 303 Hethera
1427 255 1515 294 Cas.

127 328 192 359 aut
221 322 318 359 codd.
338 326 488 371 praeter
515 321 534 358 b
564 321 642 358 adit
670 320 690 357 b
723 319 836 357 habet
869 319 1037 369 Regz'om.
1067 319 1187 369 lVeap.
1243 326 1345 358 amat
1372 320 1516 358 Bonz'n-

126 389 291 424 contrz‘us
346 388 417 424 sub
438 398 592 436 quoque
612 386 711 422 codd.
763 386 833 422 sub
854 397 932 434 quo
954 386 1044 435 quia
1063 398 1137 434 ego.

182 450 372 502 Loquitur
400 452 460 490 hic
489 452 536 489 de
570 451 726 500 regione
761 450 907 488 Phoebi
937 451 1017 488 siue
1046 463 1161 496 nona,
1193 450 1252 488 cui
1285 450 1446 489 aduersa
1476 452 1515 488 in

127 517 234 555 caelo
254 524 310 554 est
338 517 444 566 regio
474 516 650 554 Phoebes
673 514 767 565 (910
789 514 890 566 sqq.)
921 516 999 553 siue
1026 516 1145 553 tertia.
1202 516 1312 554 Haec
1343 517 1447 565 regio
1476 530 1515 554 1x

126 582 364 620 adiacentem
385 582 455 619 sibi
474 582 588 619 habet
609 594 656 618 ex
678 581 794 618 altera
823 588 928 630 parte
949 580 1141 618 Venerem
1169 581 1207 617 in
1228 593 1304 630 qua
1325 582 1512 628 meridies,

126 647 187 698 (x)
218 660 265 684 ex
303 647 419 684 altera
447 647 680 697 Typhonem
712 645 826 696 (vm).
883 646 976 684 Post
1002 646 1236 695 Typhonem
1266 655 1514 685 numerantur

125 712 259 750 ordine
294 712 467 750 Plutonis
496 725 560 758 vn,
591 719 673 749 tum
702 725 739 749 vl
769 725 792 748 v
821 724 859 749 1v
887 724 1010 761 usque
1041 712 1089 749 ad
1120 712 1314 749 cardinem
1347 713 1511 759 Saturni,

127 778 214 815 inde
245 790 288 815 111
318 791 346 815 11
376 791 389 815 1
419 789 540 827 usque
573 777 622 814 ad
656 777 848 814 cardinem
880 777 1073 814 Mercurii,
1131 777 1248 815 Hunc
1278 778 1454 815 ordinem
1484 779 1515 816 si

126 843 333 892 sequimur,
364 843 541 892 regiones
570 843 693 891 prima
722 842 770 879 ad
801 849 979 879 octauam
1008 842 1154 880 Phoebi
1182 843 1377 891 regionem
1407 851 1515 881 ante-

125 915 228 955 eunt,
265 921 354 946 cum
388 909 435 946 sit
467 920 594 953 nona3
630 908 796 957 reliquas
825 915 952 945 autem
987 921 1010 945 Χ
1039 921 1077 946 XI
1116 921 1169 946 ΧΗ
1194 913 1284 957 posl
1315 921 1354 946 se
1388 908 1514 947 habet.

125 973 209 1011 Iam
239 974 280 1020 si,
310 981 351 1011 ut
380 986 494 1023 supra
523 974 627 1019 dixit,
657 986 808 1022 semper
841 975 988 1010 dextris
1016 978 1203 1010 censentur
1231 977 1341 1021 signa
1362 977 1511 1022 priora,

125 1044 216 1076 octo
243 1039 329 1077 illae
359 1039 535 1088 regiones
559 1039 712 1076 dextrae
734 1045 843 1076 erunt
864 1038 951 1076 huic
978 1052 1016 1076 1x
1038 1039 1117 1076 siue
1139 1039 1309 1077 Phoebi:
1342 1040 1513 1078 sinistrae

126 1118 149 1142 x
172 1117 210 1142 XI
231 1117 297 1143 xu.
357 1105 492 1153 Itaque
513 1104 760 1142 scribendum
781 1105 849 1142 erit

235 1169 310 1207 Sed
338 1170 509 1207 medium
538 1177 627 1218 post
656 1170 793 1207 dextra
823 1170 923 1207 diem
954 1177 1188 1219 cui-nataque
1217 1170 1385 1219 primum

233 1235 415 1273 Culmina
443 1235 624 1272 mutantis
654 1248 806 1272 summo
837 1236 883 1273 de
913 1237 1053 1273 uertice
1083 1236 1217 1273 mundi

233 1300 401 1338 Aethera
429 1300 608 1338 Phoebus
637 1300 762 1338 habet.

125 1366 161 1403 h.
175 1378 207 1403 e.
229 1366 409 1404 Phoebus
436 1372 541 1403 tenet
569 1366 654 1403 loca
683 1366 817 1404 dextra
846 1373 934 1415 post
963 1365 1132 1403 medium
1153 1365 1276 1413 diem3
1305 1379 1394 1404 nam
1415 1379 1513 1416 quae

125 1432 283 1469 sinistra
304 1438 391 1469 sunt
420 1438 506 1480 post
534 1432 732 1468 meridiem
751 1432 815 1468 ubi
836 1432 996 1469 Veneris
1017 1438 1073 1468 est
1092 1432 1199 1480 regio
1219 1432 1295 1469 iam
1317 1432 1514 1482 descripsit

128 1499 202 1534 881
226 1509 309 1546 sqq.
367 1495 481 1535 Certe
503 1497 533 1534 si
549 1502 638 1546 post
654 1509 677 1534 a
697 1506 881 1547 sequente
903 1498 1092 1535 uocabulo
1113 1497 1399 1534 distrahendum
1420 1505 1511 1544 erat,

124 1576 197 1601 nec
218 1568 324 1600 astra
343 1575 414 1600 nec
434 1567 558 1599 caslra
580 1575 650 1600 nec
671 1562 887 1600 huiusmodi
910 1575 1053 1600 nomen
1073 1563 1181 1600 locus
1202 1563 1343 1612 recipit,
1361 1564 1427 1601 sed
1448 1571 1513 1601 aut

124 1628 366 1674 adiectiuum,
382 1635 444 1665 aut
457 1628 697 1677 participium
711 1640 721 1674 ;
744 1640 821 1678 quo
835 1628 864 1665 si
879 1633 1016 1674 careat,
1031 1629 1217 1665 obscurus
1234 1628 1273 1664 fit
1290 1641 1424 1675 sermo,
1440 1641 1511 1666 nec

124 1692 341 1742 intelligitur
377 1694 425 1731 ad
470 1695 622 1730 medium
666 1695 768 1740 diem,
800 1706 880 1731 non
922 1705 1000 1743 quo
1040 1693 1215 1739 debebat,
1254 1694 1303 1730 ad
1344 1706 1510 1744 sequens

123 1758 369 1804 uocabulum,
404 1758 531 1797 referri
578 1759 916 1808 praepositionem.
973 1758 1153 1796 Ceterum
1191 1759 1330 1796 dexlra
1378 1772 1426 1796 ex
1470 1761 1511 1796 de

123 1827 228 1860 astra
258 1823 432 1861 uitiatum
460 1831 565 1873 puto,
595 1824 690 1862 sicut
724 1824 763 1860 in
790 1824 928 1862 Catuli.
955 1823 1067 1861 lxviii.
1097 1835 1193 1871 143:
1224 1836 1312 1861 curn
1339 1825 1442 1861 enim
1471 1826 1512 1862 de

122 1900 204 1926 non
242 1890 520 1938 perspiceretur
561 1889 654 1940 quid
691 1896 800 1935 esset,
837 1889 1023 1927 omissum
1071 1895 1138 1933 est,
1178 1893 1284 1926 astra
1321 1891 1511 1927 remansit.

126 1953 331 2003 Sequentia
380 1959 603 2003 curualaque
637 1956 807 2004 primum
849 1954 1028 1992 Culmz'na
1074 1956 1250 1992 mulcmlz's
1287 1968 1425 1992 summo
1471 1956 1512 1991 de

123 2021 256 2056 uertice
284 2020 417 2056 mundi
439 2020 601 2057 Aethera
620 2020 790 2057 Phoebus
818 2021 924 2057 habet
944 2027 1045 2057 recte
1069 2021 1122 2057 sic
1150 2020 1298 2058 refinxit
1320 2021 1485 2058 lacobus
1501 2032 1510 2065 ;

124 2085 299 2134 quamuis
328 2085 428 2122 enim
449 2087 613 2122 nulanlz's
635 2086 680 2122 sit
700 2086 738 2122 in
761 2085 912 2123 Gembl.
933 2092 969 2123 et
990 2086 1180 2135 plerisque
1203 2092 1350 2135 praeter
1370 2084 1510 2130 Voss.²‚

124 2150 317 2199 praeualet
345 2149 405 2188 hic
435 2150 546 2188 huius
567 2151 698 2199 optimi
719 2150 861 2188 codicis
883 2151 1097 2196 auctoritas,
1126 2151 1381 2200 adstipulante
1401 2163 1509 2199 prae-

125 2216 250 2252 sertim
279 2228 320 2261 03
359 2227 439 2253 non
460 2223 515 2253 est
536 2217 638 2253 enim
669 2216 776 2265 parui
806 2216 910 2265 quod
940 2216 1041 2253 idem
1062 2215 1192 2253 Voss.2
1212 2216 1314 2254 solus
1343 2216 1510 2253 seruauit

123 2287 299 2318 truncum
333 2281 437 2318 illum
464 2282 695 2318 uersiculum
714 2289 786 2330 per
819 2286 922 2318 tanta
944 2282 1116 2330 pericula
1146 2283 1285 2326 mortis,
1317 2281 1397 2318 sine
1431 2293 1509 2330 quo

125 2346 337 2394 ambzgruum
364 2346 402 2383 in
429 2359 503 2394 903
529 2346 705 2396 explicari
734 2347 875 2397 nequit.
932 2346 1028 2384 Mox
1050 2351 1117 2384 aul
1133 2359 1178 2384 ex
1211 2352 1295 2383 azael
1312 2352 1346 2383 et
1367 2345 1441 2383 hoc
1461 2358 1507 2383 ex

125 2410 232 2447 habet
248 2418 373 2449 ortum
394 2412 521 2449 credo.

181 2475 342 2513 Facilius
364 2477 611 2515 emendantur
628 2489 724 2526 quae
747 2484 935 2515 secuntur.
984 2478 1153 2515 Primum
1171 2478 1270 2514 enim
1291 2476 1356 2513 sub
1375 2489 1509 2524 quoque

126 2548 180 2578 est
214 2542 279 2579 sub
307 2555 374 2591 quo
405 2544 504 2591 quia,
534 2543 594 2581 cui
625 2543 811 2592 apodosin
843 2543 982 2581 faciunt
1021 2544 1079 2581 illa
1113 2545 1196 2580 deus
1228 2543 1287 2580 ille
1315 2543 1410 2579 locus
1444 2542 1509 2578 sub
