<?xml version="1.0" encoding="UTF-8"?>
<!DOCTYPE html PUBLIC "-//W3C//DTD XHTML 1.0 Transitional//EN"
    "http://www.w3.org/TR/xhtml1/DTD/xhtml1-transitional.dtd">
<html xmlns="http://www.w3.org/1999/xhtml" xml:lang="en" lang="en">
 <head>
  <title>
</title>
<meta http-equiv="Content-Type" content="text/html;charset=utf-8" />
  <meta name='ocr-system' content='tesseract 3.04.00' />
  <meta name='ocr-capabilities' content='ocr_page ocr_carea ocr_par ocr_line ocrx_word'/>
</head>
<body>
  <div class='ocr_page' id='page_1' title='image "./noctesmanilianae00elliuoft_0193.png"; bbox 0 0 1786 2878; ppageno 0'>
   <div class='ocr_carea' id='block_1_1' title="bbox 855 120 1566 168">
    <p class='ocr_par' dir='ltr' id='par_1_1' title="bbox 855 120 1566 168">
     <span class='ocr_line' id='line_1_1' title="bbox 855 120 1566 168; baseline 0.003 -17"><span class='ocrx_word' id='word_1_1' title='bbox 855 120 888 151; x_wconf 89' lang='lat' dir='ltr'><em>V</em></span> <span class='ocrx_word' id='word_1_2' title='bbox 1487 124 1566 168; x_wconf 79' lang='lat'><strong>173</strong></span> 
     </span>
    </p>
   </div>
   <div class='ocr_carea' id='block_1_2' title="bbox 171 223 1567 735">
    <p class='ocr_par' dir='ltr' id='par_1_2' title="bbox 171 223 1567 735">
     <span class='ocr_line' id='line_1_2' title="bbox 174 223 1567 276; baseline 0.001 -13"><span class='ocrx_word' id='word_1_3' title='bbox 174 224 409 264; x_wconf 87' lang='lat' dir='ltr'><strong>Marklandi¹</strong></span> <span class='ocrx_word' id='word_1_4' title='bbox 424 224 580 275; x_wconf 86' lang='lat' dir='ltr'><strong>quidem</strong></span> <span class='ocrx_word' id='word_1_5' title='bbox 596 224 855 263; x_wconf 87' lang='lat' dir='ltr'><strong>coniecturam</strong></span> <span class='ocrx_word' id='word_1_6' title='bbox 859 223 1075 275; x_wconf 72' lang='lat' dir='ltr'><strong>formidine</strong></span> <span class='ocrx_word' id='word_1_7' title='bbox 1086 226 1227 275; x_wconf 78' lang='lat' dir='ltr'><strong>pinnae</strong></span> <span class='ocrx_word' id='word_1_8' title='bbox 1241 226 1462 276; x_wconf 87' lang='lat' dir='ltr'><strong>reponentis</strong></span> <span class='ocrx_word' id='word_1_9' title='bbox 1479 239 1567 265; x_wconf 91' lang='lat' dir='ltr'><strong>cum</strong></span> 
     </span>
     <span class='ocr_line' id='line_1_3' title="bbox 171 291 1567 345; baseline 0.001 -16"><span class='ocrx_word' id='word_1_10' title='bbox 171 304 260 330; x_wconf 86' lang='lat' dir='ltr'>PINE</span> <span class='ocrx_word' id='word_1_11' title='bbox 280 299 436 341; x_wconf 88' lang='lat' dir='ltr'><strong>propter</strong></span> <span class='ocrx_word' id='word_1_12' title='bbox 454 291 689 341; x_wconf 87' lang='lat' dir='ltr'><strong>praecedens</strong></span> <span class='ocrx_word' id='word_1_13' title='bbox 709 303 802 329; x_wconf 83' lang='lat' dir='ltr'>DINE</span> <span class='ocrx_word' id='word_1_14' title='bbox 822 291 1026 330; x_wconf 82' lang='lat' dir='ltr'><strong>excidisset</strong></span> <span class='ocrx_word' id='word_1_15' title='bbox 1047 304 1128 330; x_wconf 91' lang='lat' dir='ltr'><strong>non</strong></span> <span class='ocrx_word' id='word_1_16' title='bbox 1147 303 1308 342; x_wconf 89' lang='lat' dir='ltr'><strong>possum</strong></span> <span class='ocrx_word' id='word_1_17' title='bbox 1322 293 1486 342; x_wconf 88' lang='lat' dir='ltr'><strong>probare</strong></span> <span class='ocrx_word' id='word_1_18' title='bbox 1501 291 1567 345; x_wconf 87' lang='lat' dir='ltr'><strong>(ad</strong></span> 
     </span>
     <span class='ocr_line' id='line_1_4' title="bbox 172 355 787 408; baseline 0.003 -14"><span class='ocrx_word' id='word_1_19' title='bbox 172 356 265 394; x_wconf 83' lang='lat' dir='ltr'>Stat.</span> <span class='ocrx_word' id='word_1_20' title='bbox 288 357 377 395; x_wconf 89' lang='lat' dir='ltr'><strong>Silu.</strong></span> <span class='ocrx_word' id='word_1_21' title='bbox 398 370 434 407; x_wconf 91' lang='lat' dir='ltr'><strong>p.</strong></span> <span class='ocrx_word' id='word_1_22' title='bbox 460 370 546 406; x_wconf 90' lang='lat'>191,</span> <span class='ocrx_word' id='word_1_23' title='bbox 567 358 626 395; x_wconf 87' lang='lat' dir='ltr'><strong>ed.</strong></span> <span class='ocrx_word' id='word_1_24' title='bbox 650 355 787 408; x_wconf 87' lang='lat' dir='ltr'><strong>Sillig).</strong></span> 
     </span>
     <span class='ocr_line' id='line_1_5' title="bbox 225 421 371 471; baseline 0.014 -12"><span class='ocrx_word' id='word_1_25' title='bbox 225 421 273 459; x_wconf 94' lang='lat' dir='ltr'><strong>V.</strong></span> <span class='ocrx_word' id='word_1_26' title='bbox 297 435 371 471; x_wconf 88' lang='lat'><strong>209</strong></span> 
     </span>
     <span class='ocr_line' id='line_1_6' title="bbox 332 487 1409 540; baseline 0 -14"><span class='ocrx_word' id='word_1_27' title='bbox 332 488 423 535; x_wconf 88' lang='lat' dir='ltr'><strong>Qua</strong></span> <span class='ocrx_word' id='word_1_28' title='bbox 452 487 669 540; x_wconf 89' lang='lat' dir='ltr'><strong>(Canicula)</strong></span> <span class='ocrx_word' id='word_1_29' title='bbox 700 487 886 526; x_wconf 84' lang='lat' dir='ltr'><strong>subdente</strong></span> <span class='ocrx_word' id='word_1_30' title='bbox 916 487 1039 525; x_wconf 85' lang='lat' dir='ltr'><strong>facem</strong></span> <span class='ocrx_word' id='word_1_31' title='bbox 1068 487 1174 525; x_wconf 90' lang='lat' dir='ltr'><strong>terris</strong></span> <span class='ocrx_word' id='word_1_32' title='bbox 1204 488 1409 539; x_wconf 81' lang='lat' dir='ltr'><strong>radiosque</strong></span> 
     </span>
     <span class='ocr_line' id='line_1_7' title="bbox 439 560 623 592; baseline 0 -1"><span class='ocrx_word' id='word_1_33' title='bbox 439 560 623 592; x_wconf 90' lang='lat' dir='ltr'><strong>mouente</strong></span> 
     </span>
     <span class='ocr_line' id='line_1_8' title="bbox 330 619 1401 669; baseline 0.001 -13"><span class='ocrx_word' id='word_1_34' title='bbox 330 619 535 660; x_wconf 86' lang='lat' dir='ltr'><strong>†Dimicat</strong></span> <span class='ocrx_word' id='word_1_35' title='bbox 563 620 602 656; x_wconf 89' lang='lat' dir='ltr'><strong>in</strong></span> <span class='ocrx_word' id='word_1_36' title='bbox 631 619 777 657; x_wconf 88' lang='lat' dir='ltr'><strong>cineres</strong></span> <span class='ocrx_word' id='word_1_37' title='bbox 806 620 920 665; x_wconf 88' lang='lat' dir='ltr'><strong>orbis,</strong></span> <span class='ocrx_word' id='word_1_38' title='bbox 950 619 1147 669; x_wconf 89' lang='lat' dir='ltr'><strong>fatumque</strong></span> <span class='ocrx_word' id='word_1_39' title='bbox 1177 632 1401 669; x_wconf 90' lang='lat' dir='ltr'><strong>supremum</strong></span> 
     </span>
     <span class='ocr_line' id='line_1_9' title="bbox 331 684 1333 735; baseline 0 -13"><span class='ocrx_word' id='word_1_40' title='bbox 331 684 505 731; x_wconf 86' lang='lat' dir='ltr'><strong>Sortitur,</strong></span> <span class='ocrx_word' id='word_1_41' title='bbox 536 685 767 735; x_wconf 83' lang='lat' dir='ltr'><strong>languetque</strong></span> <span class='ocrx_word' id='word_1_42' title='bbox 796 685 873 722; x_wconf 88' lang='lat' dir='ltr'><strong>suis</strong></span> <span class='ocrx_word' id='word_1_43' title='bbox 903 685 1110 734; x_wconf 86' lang='lat' dir='ltr'><strong>Neptunus</strong></span> <span class='ocrx_word' id='word_1_44' title='bbox 1139 685 1179 722; x_wconf 91' lang='lat' dir='ltr'><strong>in</strong></span> <span class='ocrx_word' id='word_1_45' title='bbox 1207 685 1333 723; x_wconf 89' lang='lat' dir='ltr'><strong>undis.</strong></span> 
     </span>
    </p>
   </div>
   <div class='ocr_carea' id='block_1_3' title="bbox 157 767 1561 1996">
    <p class='ocr_par' dir='ltr' id='par_1_3' title="bbox 157 767 1561 1471">
     <span class='ocr_line' id='line_1_10' title="bbox 221 767 1561 818; baseline 0.001 -14"><span class='ocrx_word' id='word_1_46' title='bbox 221 767 365 805; x_wconf 86' lang='lat' dir='ltr'><strong>Iterum</strong></span> <span class='ocrx_word' id='word_1_47' title='bbox 385 767 446 805; x_wconf 91' lang='lat' dir='ltr'><strong>hic</strong></span> <span class='ocrx_word' id='word_1_48' title='bbox 465 779 609 805; x_wconf 90' lang='lat' dir='ltr'><strong>moneo</strong></span> <span class='ocrx_word' id='word_1_49' title='bbox 631 768 735 817; x_wconf 88' lang='lat' dir='ltr'><strong>quod</strong></span> <span class='ocrx_word' id='word_1_50' title='bbox 756 767 940 817; x_wconf 87' lang='lat' dir='ltr'><strong>plurimos</strong></span> <span class='ocrx_word' id='word_1_51' title='bbox 961 767 1080 812; x_wconf 80' lang='lat' dir='ltr'><strong>latuit,</strong></span> <span class='ocrx_word' id='word_1_52' title='bbox 1099 768 1228 805; x_wconf 69' lang='lat' dir='ltr'><strong>radios</strong></span> <span class='ocrx_word' id='word_1_53' title='bbox 1248 781 1389 805; x_wconf 81' lang='lat' dir='ltr'><em>mouere</em></span> <span class='ocrx_word' id='word_1_54' title='bbox 1409 769 1561 818; x_wconf 85' lang='lat' dir='ltr'><strong>proprie</strong></span> 
     </span>
     <span class='ocr_line' id='line_1_11' title="bbox 165 832 1559 883; baseline 0.001 -13"><span class='ocrx_word' id='word_1_55' title='bbox 165 833 239 871; x_wconf 89' lang='lat' dir='ltr'><strong>dici</strong></span> <span class='ocrx_word' id='word_1_56' title='bbox 262 832 398 870; x_wconf 89' lang='lat' dir='ltr'><strong>Sirium</strong></span> <span class='ocrx_word' id='word_1_57' title='bbox 411 845 421 879; x_wconf 72' lang='grc' dir='ltr'><strong><em>ς</em></strong></span> <span class='ocrx_word' id='word_1_58' title='bbox 451 833 515 883; x_wconf 92' lang='lat' dir='ltr'><strong>qui</strong></span> <span class='ocrx_word' id='word_1_59' title='bbox 536 840 573 871; x_wconf 90' lang='lat' dir='ltr'><strong>et</strong></span> <span class='ocrx_word' id='word_1_60' title='bbox 592 834 632 870; x_wconf 88' lang='lat' dir='ltr'><strong>in</strong></span> <span class='ocrx_word' id='word_1_61' title='bbox 651 834 781 871; x_wconf 85' lang='lat' dir='ltr'><strong>tabula</strong></span> <span class='ocrx_word' id='word_1_62' title='bbox 801 833 1034 871; x_wconf 83' lang='lat' dir='ltr'><strong>Farnesiana</strong></span> <span class='ocrx_word' id='word_1_63' title='bbox 1058 840 1096 871; x_wconf 89' lang='lat' dir='ltr'><strong>et</strong></span> <span class='ocrx_word' id='word_1_64' title='bbox 1120 833 1158 870; x_wconf 90' lang='lat' dir='ltr'><strong>in</strong></span> <span class='ocrx_word' id='word_1_65' title='bbox 1181 833 1395 871; x_wconf 89' lang='lat' dir='ltr'><strong>Harleiano</strong></span> <span class='ocrx_word' id='word_1_66' title='bbox 1425 835 1559 872; x_wconf 89' lang='lat' dir='ltr'><strong>codice</strong></span> 
     </span>
     <span class='ocr_line' id='line_1_12' title="bbox 166 898 1560 949; baseline 0.001 -14"><span class='ocrx_word' id='word_1_67' title='bbox 166 900 242 947; x_wconf 88' lang='lat'><strong>647</strong></span> <span class='ocrx_word' id='word_1_68' title='bbox 265 898 462 936; x_wconf 88' lang='lat' dir='ltr'><strong>Ciceronis</strong></span> <span class='ocrx_word' id='word_1_69' title='bbox 481 898 715 936; x_wconf 88' lang='lat' dir='ltr'><strong>Arateorum</strong></span> <span class='ocrx_word' id='word_1_70' title='bbox 735 899 861 936; x_wconf 89' lang='lat' dir='ltr'><strong>radios</strong></span> <span class='ocrx_word' id='word_1_71' title='bbox 882 900 1125 937; x_wconf 85' lang='lat' dir='ltr'><strong>acuminatos</strong></span> <span class='ocrx_word' id='word_1_72' title='bbox 1147 898 1290 949; x_wconf 72' lang='lat' dir='ltr'><strong>(spz‘ked</strong></span> <span class='ocrx_word' id='word_1_73' title='bbox 1307 898 1414 948; x_wconf 80' lang='lat' dir='ltr'><strong>rays)</strong></span> <span class='ocrx_word' id='word_1_74' title='bbox 1441 900 1560 949; x_wconf 89' lang='lat' dir='ltr'><strong>capiti</strong></span> 
     </span>
     <span class='ocr_line' id='line_1_13' title="bbox 162 963 1559 1014; baseline 0.001 -14"><span class='ocrx_word' id='word_1_75' title='bbox 162 963 279 1001; x_wconf 89' lang='lat' dir='ltr'><strong>habet</strong></span> <span class='ocrx_word' id='word_1_76' title='bbox 317 964 500 1013; x_wconf 89' lang='lat' dir='ltr'><strong>adpictos.</strong></span> <span class='ocrx_word' id='word_1_77' title='bbox 559 964 635 1001; x_wconf 90' lang='lat' dir='ltr'><strong>Sed</strong></span> <span class='ocrx_word' id='word_1_78' title='bbox 673 965 713 1001; x_wconf 90' lang='lat' dir='ltr'><strong>in</strong></span> <span class='ocrx_word' id='word_1_79' title='bbox 746 977 783 1002; x_wconf 91' lang='lat' dir='ltr'><strong>u.</strong></span> <span class='ocrx_word' id='word_1_80' title='bbox 821 977 897 1001; x_wconf 87' lang='lat'><strong>210</strong></span> <span class='ocrx_word' id='word_1_81' title='bbox 937 964 1122 1002; x_wconf 89' lang='lat' dir='ltr'><strong>confiteor</strong></span> <span class='ocrx_word' id='word_1_82' title='bbox 1160 977 1223 1000; x_wconf 90' lang='lat' dir='ltr'><strong>me</strong></span> <span class='ocrx_word' id='word_1_83' title='bbox 1261 965 1435 1002; x_wconf 89' lang='lat' dir='ltr'><strong>nondum</strong></span> <span class='ocrx_word' id='word_1_84' title='bbox 1474 978 1559 1014; x_wconf 89' lang='lat' dir='ltr'><strong>per-</strong></span> 
     </span>
     <span class='ocr_line' id='line_1_14' title="bbox 162 1028 1558 1079; baseline 0.001 -12"><span class='ocrx_word' id='word_1_85' title='bbox 162 1030 332 1078; x_wconf 88' lang='lat' dir='ltr'><strong>spexisse</strong></span> <span class='ocrx_word' id='word_1_86' title='bbox 353 1029 445 1079; x_wconf 89' lang='lat' dir='ltr'><strong>quid</strong></span> <span class='ocrx_word' id='word_1_87' title='bbox 466 1030 512 1067; x_wconf 89' lang='lat' dir='ltr'><strong>sit</strong></span> <span class='ocrx_word' id='word_1_88' title='bbox 531 1029 633 1067; x_wconf 90' lang='lat' dir='ltr'><strong>istud</strong></span> <span class='ocrx_word' id='word_1_89' title='bbox 646 1028 819 1066; x_wconf 80' lang='lat' dir='ltr'><strong>Dz&#39;mz‘cal</strong></span> <span class='ocrx_word' id='word_1_90' title='bbox 836 1031 876 1066; x_wconf 78' lang='lat' dir='ltr'><strong>in</strong></span> <span class='ocrx_word' id='word_1_91' title='bbox 896 1031 1046 1066; x_wconf 78' lang='lat' dir='ltr'><strong>cineres.</strong></span> <span class='ocrx_word' id='word_1_92' title='bbox 1090 1029 1304 1078; x_wconf 85' lang='lat' dir='ltr'><strong>Pingraeus</strong></span> <span class='ocrx_word' id='word_1_93' title='bbox 1324 1030 1483 1079; x_wconf 89' lang='lat' dir='ltr'><strong>quidem</strong></span> <span class='ocrx_word' id='word_1_94' title='bbox 1504 1030 1558 1068; x_wconf 89' lang='lat' dir='ltr'><strong>sic</strong></span> 
     </span>
     <span class='ocr_line' id='line_1_15' title="bbox 161 1093 1558 1144; baseline 0.001 -12"><span class='ocrx_word' id='word_1_95' title='bbox 161 1095 272 1132; x_wconf 87' lang='lat' dir='ltr'><strong>uertit</strong></span> <span class='ocrx_word' id='word_1_96' title='bbox 294 1095 350 1132; x_wconf 80' lang='lat' dir='ltr'><strong>‘la</strong></span> <span class='ocrx_word' id='word_1_97' title='bbox 370 1101 478 1141; x_wconf 87' lang='lat' dir='ltr'><strong>terre,</strong></span> <span class='ocrx_word' id='word_1_98' title='bbox 503 1094 609 1144; x_wconf 69' lang='lat' dir='ltr'><strong>prete</strong></span> <span class='ocrx_word' id='word_1_99' title='bbox 629 1093 652 1132; x_wconf 70' lang='lat' dir='ltr'><strong>a</strong></span> <span class='ocrx_word' id='word_1_100' title='bbox 672 1094 749 1132; x_wconf 70' lang='lat' dir='ltr'><strong>etre</strong></span> <span class='ocrx_word' id='word_1_101' title='bbox 770 1094 914 1132; x_wconf 73' lang='lat' dir='ltr'><strong>reduite</strong></span> <span class='ocrx_word' id='word_1_102' title='bbox 935 1107 983 1132; x_wconf 86' lang='lat' dir='ltr'><strong>en</strong></span> <span class='ocrx_word' id='word_1_103' title='bbox 1003 1094 1172 1140; x_wconf 88' lang='lat' dir='ltr'><strong>cendres,</strong></span> <span class='ocrx_word' id='word_1_104' title='bbox 1194 1095 1319 1144; x_wconf 81' lang='lat' dir='ltr'><strong>paroit</strong></span> <span class='ocrx_word' id='word_1_105' title='bbox 1340 1094 1417 1133; x_wconf 69' lang='lat' dir='ltr'><strong>etre</strong></span> <span class='ocrx_word' id='word_1_106' title='bbox 1442 1094 1464 1133; x_wconf 74' lang='lat' dir='ltr'><strong>a</strong></span> <span class='ocrx_word' id='word_1_107' title='bbox 1486 1108 1558 1133; x_wconf 89' lang='lat' dir='ltr'><strong>son</strong></span> 
     </span>
     <span class='ocr_line' id='line_1_16' title="bbox 160 1159 1557 1210; baseline 0.001 -12"><span class='ocrx_word' id='word_1_108' title='bbox 160 1161 310 1198; x_wconf 90' lang='lat' dir='ltr'><strong>dernier</strong></span> <span class='ocrx_word' id='word_1_109' title='bbox 342 1159 540 1199; x_wconf 85' lang='lat' dir='ltr'><strong>moment.’</strong></span> <span class='ocrx_word' id='word_1_110' title='bbox 584 1160 728 1206; x_wconf 88' lang='lat' dir='ltr'><strong>Voluit,</strong></span> <span class='ocrx_word' id='word_1_111' title='bbox 761 1161 889 1206; x_wconf 87' lang='lat' dir='ltr'><strong>credo,</strong></span> <span class='ocrx_word' id='word_1_112' title='bbox 923 1162 1078 1198; x_wconf 72' lang='lat' dir='ltr'><strong>dimicat</strong></span> <span class='ocrx_word' id='word_1_113' title='bbox 1108 1160 1211 1198; x_wconf 88' lang='lat' dir='ltr'><strong>idem</strong></span> <span class='ocrx_word' id='word_1_114' title='bbox 1245 1173 1328 1198; x_wconf 86' lang='lat' dir='ltr'><strong>esse</strong></span> <span class='ocrx_word' id='word_1_115' title='bbox 1362 1161 1468 1210; x_wconf 88' lang='lat' dir='ltr'><strong>quod</strong></span> <span class='ocrx_word' id='word_1_116' title='bbox 1497 1174 1557 1199; x_wconf 93' lang='lat' dir='ltr'><strong>re—</strong></span> 
     </span>
     <span class='ocr_line' id='line_1_17' title="bbox 158 1226 1556 1276; baseline 0 -12"><span class='ocrx_word' id='word_1_117' title='bbox 158 1226 323 1264; x_wconf 82' lang='lat' dir='ltr'><strong>luctatur</strong></span> <span class='ocrx_word' id='word_1_118' title='bbox 356 1239 405 1264; x_wconf 91' lang='lat' dir='ltr'><strong>ne</strong></span> <span class='ocrx_word' id='word_1_119' title='bbox 436 1227 475 1264; x_wconf 92' lang='lat' dir='ltr'><strong>in</strong></span> <span class='ocrx_word' id='word_1_120' title='bbox 506 1227 653 1264; x_wconf 88' lang='lat' dir='ltr'><strong>cineres</strong></span> <span class='ocrx_word' id='word_1_121' title='bbox 683 1226 807 1264; x_wconf 88' lang='lat' dir='ltr'><strong>soluta</strong></span> <span class='ocrx_word' id='word_1_122' title='bbox 834 1233 976 1276; x_wconf 87' lang='lat' dir='ltr'><strong>pereat.</strong></span> <span class='ocrx_word' id='word_1_123' title='bbox 1024 1226 1211 1264; x_wconf 88' lang='lat' dir='ltr'><strong>Vitiatum</strong></span> <span class='ocrx_word' id='word_1_124' title='bbox 1240 1227 1368 1276; x_wconf 89' lang='lat' dir='ltr'><strong>potius</strong></span> <span class='ocrx_word' id='word_1_125' title='bbox 1400 1239 1556 1264; x_wconf 89' lang='lat' dir='ltr'><strong>uersum</strong></span> 
     </span>
     <span class='ocr_line' id='line_1_18' title="bbox 158 1291 1556 1342; baseline 0 -13"><span class='ocrx_word' id='word_1_126' title='bbox 158 1299 263 1341; x_wconf 92' lang='lat' dir='ltr'><strong>puto,</strong></span> <span class='ocrx_word' id='word_1_127' title='bbox 299 1298 336 1330; x_wconf 86' lang='lat' dir='ltr'><strong>et</strong></span> <span class='ocrx_word' id='word_1_128' title='bbox 378 1291 625 1329; x_wconf 89' lang='lat' dir='ltr'><strong>scribendum</strong></span> <span class='ocrx_word' id='word_1_129' title='bbox 667 1291 754 1329; x_wconf 83' lang='lat' dir='ltr'><strong>Ima</strong></span> <span class='ocrx_word' id='word_1_130' title='bbox 799 1293 867 1329; x_wconf 79' lang='lat' dir='ltr'><strong>dat</strong></span> <span class='ocrx_word' id='word_1_131' title='bbox 906 1293 946 1329; x_wconf 77' lang='lat' dir='ltr'><strong>in</strong></span> <span class='ocrx_word' id='word_1_132' title='bbox 983 1293 1148 1330; x_wconf 78' lang='lat' dir='ltr'><strong>cineres:</strong></span> <span class='ocrx_word' id='word_1_133' title='bbox 1193 1304 1394 1341; x_wconf 89' lang='lat' dir='ltr'><strong>nunquam</strong></span> <span class='ocrx_word' id='word_1_134' title='bbox 1431 1293 1556 1342; x_wconf 85' lang='lat' dir='ltr'><strong>magis</strong></span> 
     </span>
     <span class='ocr_line' id='line_1_19' title="bbox 158 1357 1552 1406; baseline -0.001 -11"><span class='ocrx_word' id='word_1_135' title='bbox 158 1364 266 1395; x_wconf 83' lang='lat' dir='ltr'><strong>aestu</strong></span> <span class='ocrx_word' id='word_1_136' title='bbox 286 1357 456 1394; x_wconf 88' lang='lat' dir='ltr'><strong>feruente</strong></span> <span class='ocrx_word' id='word_1_137' title='bbox 476 1369 594 1406; x_wconf 87' lang='lat' dir='ltr'><strong>quarn</strong></span> <span class='ocrx_word' id='word_1_138' title='bbox 614 1369 702 1395; x_wconf 90' lang='lat' dir='ltr'><strong>curn</strong></span> <span class='ocrx_word' id='word_1_139' title='bbox 723 1357 911 1395; x_wconf 83' lang='lat' dir='ltr'><strong>Canicula</strong></span> <span class='ocrx_word' id='word_1_140' title='bbox 938 1357 977 1393; x_wconf 91' lang='lat' dir='ltr'><strong>in</strong></span> <span class='ocrx_word' id='word_1_141' title='bbox 1001 1364 1127 1395; x_wconf 89' lang='lat' dir='ltr'><strong>ortum</strong></span> <span class='ocrx_word' id='word_1_142' title='bbox 1153 1369 1266 1395; x_wconf 91' lang='lat' dir='ltr'><strong>suum</strong></span> <span class='ocrx_word' id='word_1_143' title='bbox 1287 1357 1401 1395; x_wconf 90' lang='lat' dir='ltr'><strong>uenit.</strong></span> <span class='ocrx_word' id='word_1_144' title='bbox 1432 1357 1480 1395; x_wconf 90' lang='lat' dir='ltr'><strong>V.</strong></span> <span class='ocrx_word' id='word_1_145' title='bbox 1507 1367 1552 1406; x_wconf 90' lang='lat'><strong>17</strong></span> 
     </span>
     <span class='ocr_line' id='line_1_20' title="bbox 157 1422 1094 1471; baseline 0 -12"><span class='ocrx_word' id='word_1_146' title='bbox 157 1422 216 1459; x_wconf 80' lang='lat' dir='ltr'><strong>Et</strong></span> <span class='ocrx_word' id='word_1_147' title='bbox 232 1424 337 1459; x_wconf 76' lang='lat' dir='ltr'><strong>canis</strong></span> <span class='ocrx_word' id='word_1_148' title='bbox 357 1424 396 1459; x_wconf 78' lang='lat' dir='ltr'><strong>in</strong></span> <span class='ocrx_word' id='word_1_149' title='bbox 415 1427 525 1459; x_wconf 79' lang='lat' dir='ltr'><strong>tolum</strong></span> <span class='ocrx_word' id='word_1_150' title='bbox 537 1427 698 1471; x_wconf 80' lang='lat' dir='ltr'><strong>portans</strong></span> <span class='ocrx_word' id='word_1_151' title='bbox 718 1423 885 1459; x_wconf 78' lang='lat' dir='ltr'><strong>incendia</strong></span> <span class='ocrx_word' id='word_1_152' title='bbox 905 1423 1094 1459; x_wconf 80' lang='lat' dir='ltr'><strong>mundum.</strong></span> 
     </span>
    </p>

    <p class='ocr_par' dir='ltr' id='par_1_4' title="bbox 214 1488 942 1526">
     <span class='ocr_line' id='line_1_21' title="bbox 214 1488 942 1526; baseline 0 -1"><span class='ocrx_word' id='word_1_153' title='bbox 214 1488 262 1526; x_wconf 92' lang='lat' dir='ltr'><strong>V.</strong></span> <span class='ocrx_word' id='word_1_154' title='bbox 286 1490 468 1526; x_wconf 89' lang='lat'><strong>216-222</strong></span> <span class='ocrx_word' id='word_1_155' title='bbox 501 1489 554 1526; x_wconf 89' lang='lat' dir='ltr'><strong>sic</strong></span> <span class='ocrx_word' id='word_1_156' title='bbox 576 1494 707 1526; x_wconf 83' lang='lat' dir='ltr'><strong>extant</strong></span> <span class='ocrx_word' id='word_1_157' title='bbox 729 1489 767 1525; x_wconf 92' lang='lat' dir='ltr'><strong>in</strong></span> <span class='ocrx_word' id='word_1_158' title='bbox 790 1488 942 1526; x_wconf 87' lang='lat' dir='ltr'><strong>Gembl.</strong></span> 
     </span>
    </p>

    <p class='ocr_par' dir='ltr' id='par_1_5' title="bbox 212 1553 1402 1996">
     <span class='ocr_line' id='line_1_22' title="bbox 858 1553 1392 1603; baseline -0.002 -12"><span class='ocrx_word' id='word_1_159' title='bbox 858 1560 986 1591; x_wconf 88' lang='lat' dir='ltr'><strong>tantus</strong></span> <span class='ocrx_word' id='word_1_160' title='bbox 1015 1566 1084 1603; x_wconf 93' lang='lat' dir='ltr'><strong>per</strong></span> <span class='ocrx_word' id='word_1_161' title='bbox 1112 1553 1235 1591; x_wconf 87' lang='lat' dir='ltr'><strong>sidera</strong></span> <span class='ocrx_word' id='word_1_162' title='bbox 1264 1553 1392 1591; x_wconf 91' lang='lat' dir='ltr'><strong>feruor</strong></span> 
     </span>
     <span class='ocr_line' id='line_1_23' title="bbox 319 1619 1402 1669; baseline 0 -13"><span class='ocrx_word' id='word_1_163' title='bbox 319 1619 506 1657; x_wconf 88' lang='lat' dir='ltr'><strong>Funditur</strong></span> <span class='ocrx_word' id='word_1_164' title='bbox 535 1626 648 1669; x_wconf 85' lang='lat' dir='ltr'><strong>atque</strong></span> <span class='ocrx_word' id='word_1_165' title='bbox 677 1631 758 1657; x_wconf 93' lang='lat' dir='ltr'><strong>uno</strong></span> <span class='ocrx_word' id='word_1_166' title='bbox 788 1631 859 1657; x_wconf 87' lang='lat' dir='ltr'><strong>ceu</strong></span> <span class='ocrx_word' id='word_1_167' title='bbox 888 1626 975 1656; x_wconf 91' lang='lat' dir='ltr'><strong>sunt</strong></span> <span class='ocrx_word' id='word_1_168' title='bbox 1005 1619 1045 1656; x_wconf 91' lang='lat' dir='ltr'><strong>in</strong></span> <span class='ocrx_word' id='word_1_169' title='bbox 1074 1619 1232 1656; x_wconf 87' lang='lat' dir='ltr'><strong>flumine</strong></span> <span class='ocrx_word' id='word_1_170' title='bbox 1261 1625 1402 1656; x_wconf 87' lang='lat' dir='ltr'><strong>cuncta</strong></span> 
     </span>
     <span class='ocr_line' id='line_1_24' title="bbox 319 1684 1376 1734; baseline -0.001 -12"><span class='ocrx_word' id='word_1_171' title='bbox 319 1685 431 1722; x_wconf 87' lang='lat' dir='ltr'><strong>Haec</strong></span> <span class='ocrx_word' id='word_1_172' title='bbox 459 1685 524 1722; x_wconf 90' lang='lat' dir='ltr'><strong>ubi</strong></span> <span class='ocrx_word' id='word_1_173' title='bbox 554 1697 594 1722; x_wconf 87' lang='lat' dir='ltr'><strong>se</strong></span> <span class='ocrx_word' id='word_1_174' title='bbox 624 1691 746 1734; x_wconf 91' lang='lat' dir='ltr'><strong>ponto</strong></span> <span class='ocrx_word' id='word_1_175' title='bbox 775 1697 844 1734; x_wconf 87' lang='lat' dir='ltr'><strong>per</strong></span> <span class='ocrx_word' id='word_1_176' title='bbox 872 1685 1071 1734; x_wconf 86' lang='lat' dir='ltr'><strong>proximas</strong></span> <span class='ocrx_word' id='word_1_177' title='bbox 1099 1684 1231 1721; x_wconf 85' lang='lat' dir='ltr'><strong>extulit</strong></span> <span class='ocrx_word' id='word_1_178' title='bbox 1260 1684 1376 1722; x_wconf 89' lang='lat' dir='ltr'><strong>horas</strong></span> 
     </span>
     <span class='ocr_line' id='line_1_25' title="bbox 318 1749 1295 1800; baseline 0 -13"><span class='ocrx_word' id='word_1_179' title='bbox 318 1749 556 1788; x_wconf 88' lang='lat' dir='ltr'><strong>Nascentem</strong></span> <span class='ocrx_word' id='word_1_180' title='bbox 586 1750 617 1788; x_wconf 92' lang='lat' dir='ltr'><strong>si</strong></span> <span class='ocrx_word' id='word_1_181' title='bbox 646 1762 763 1800; x_wconf 90' lang='lat' dir='ltr'><strong>quern</strong></span> <span class='ocrx_word' id='word_1_182' title='bbox 791 1749 916 1800; x_wconf 79' lang='lat' dir='ltr'><strong>pelagi</strong></span> <span class='ocrx_word' id='word_1_183' title='bbox 946 1750 1160 1788; x_wconf 84' lang='lat' dir='ltr'><strong>restinxerit</strong></span> <span class='ocrx_word' id='word_1_184' title='bbox 1189 1750 1295 1787; x_wconf 86' lang='lat' dir='ltr'><strong>unda</strong></span> 
     </span>
     <span class='ocr_line' id='line_1_26' title="bbox 212 1815 1287 1865; baseline -0.001 -12"><span class='ocrx_word' id='word_1_185' title='bbox 212 1828 288 1854; x_wconf 89' lang='lat'><strong>220</strong></span> <span class='ocrx_word' id='word_1_186' title='bbox 317 1815 496 1853; x_wconf 88' lang='lat' dir='ltr'><strong>Effrenos</strong></span> <span class='ocrx_word' id='word_1_187' title='bbox 526 1816 678 1854; x_wconf 89' lang='lat' dir='ltr'><strong>animos</strong></span> <span class='ocrx_word' id='word_1_188' title='bbox 707 1816 954 1864; x_wconf 85' lang='lat' dir='ltr'><strong>uiolentaque</strong></span> <span class='ocrx_word' id='word_1_189' title='bbox 983 1822 1140 1865; x_wconf 85' lang='lat' dir='ltr'><strong>pectora</strong></span> <span class='ocrx_word' id='word_1_190' title='bbox 1169 1815 1287 1865; x_wconf 85' lang='lat' dir='ltr'><strong>finget</strong></span> 
     </span>
     <span class='ocr_line' id='line_1_27' title="bbox 315 1881 1311 1931; baseline 0 -13"><span class='ocrx_word' id='word_1_191' title='bbox 315 1881 542 1931; x_wconf 87' lang='lat' dir='ltr'><strong>Irarumque</strong></span> <span class='ocrx_word' id='word_1_192' title='bbox 571 1881 677 1918; x_wconf 90' lang='lat' dir='ltr'><strong>dabit</strong></span> <span class='ocrx_word' id='word_1_193' title='bbox 705 1881 816 1919; x_wconf 89' lang='lat' dir='ltr'><strong>fletus</strong></span> <span class='ocrx_word' id='word_1_194' title='bbox 844 1881 1056 1931; x_wconf 90' lang='lat' dir='ltr'><strong>odiumque</strong></span> <span class='ocrx_word' id='word_1_195' title='bbox 1086 1888 1311 1931; x_wconf 87' lang='lat' dir='ltr'><strong>metumque</strong></span> 
     </span>
     <span class='ocr_line' id='line_1_28' title="bbox 316 1946 601 1996; baseline 0 -12"><span class='ocrx_word' id='word_1_196' title='bbox 316 1946 456 1984; x_wconf 89' lang='lat' dir='ltr'><strong>Totius</strong></span> <span class='ocrx_word' id='word_1_197' title='bbox 485 1946 601 1996; x_wconf 89' lang='lat' dir='ltr'><strong>uulgi.</strong></span> 
     </span>
    </p>
   </div>
   <div class='ocr_carea' id='block_1_4' title="bbox 143 2028 1547 2340">
    <p class='ocr_par' dir='ltr' id='par_1_6' title="bbox 143 2028 1547 2340">
     <span class='ocr_line' id='line_1_29' title="bbox 210 2028 1546 2078; baseline -0.001 -12"><span class='ocrx_word' id='word_1_198' title='bbox 210 2037 285 2078; x_wconf 86' lang='lat'><strong>217</strong></span> <span class='ocrx_word' id='word_1_199' title='bbox 315 2041 396 2067; x_wconf 90' lang='lat' dir='ltr'><strong>uno</strong></span> <span class='ocrx_word' id='word_1_200' title='bbox 430 2041 501 2067; x_wconf 93' lang='lat' dir='ltr'><strong>ceu</strong></span> <span class='ocrx_word' id='word_1_201' title='bbox 536 2035 625 2067; x_wconf 88' lang='lat' dir='ltr'><strong>sunt</strong></span> <span class='ocrx_word' id='word_1_202' title='bbox 653 2029 693 2066; x_wconf 92' lang='lat' dir='ltr'><strong>in</strong></span> <span class='ocrx_word' id='word_1_203' title='bbox 722 2028 879 2067; x_wconf 88' lang='lat' dir='ltr'><strong>flumine</strong></span> <span class='ocrx_word' id='word_1_204' title='bbox 908 2029 1042 2066; x_wconf 78' lang='lat' dir='ltr'><strong>codices</strong></span> <span class='ocrx_word' id='word_1_205' title='bbox 1071 2042 1199 2066; x_wconf 79' lang='lat' dir='ltr'><strong>omnes.</strong></span> <span class='ocrx_word' id='word_1_206' title='bbox 1259 2030 1335 2067; x_wconf 82' lang='lat'><strong>218</strong></span> <span class='ocrx_word' id='word_1_207' title='bbox 1366 2029 1420 2066; x_wconf 71' lang='lat' dir='ltr'><strong>sic</strong></span> <span class='ocrx_word' id='word_1_208' title='bbox 1448 2029 1546 2066; x_wconf 83' lang='lat' dir='ltr'><strong>codd.</strong></span> 
     </span>
     <span class='ocr_line' id='line_1_30' title="bbox 143 2093 1545 2144; baseline 0 -13"><span class='ocrx_word' id='word_1_209' title='bbox 143 2099 297 2144; x_wconf 79' lang='lat' dir='ltr'><strong>praeter</strong></span> <span class='ocrx_word' id='word_1_210' title='bbox 315 2095 335 2131; x_wconf 83' lang='lat' dir='ltr'><em>b</em></span> <span class='ocrx_word' id='word_1_211' title='bbox 355 2107 424 2144; x_wconf 88' lang='lat' dir='ltr'><strong>per</strong></span> <span class='ocrx_word' id='word_1_212' title='bbox 443 2095 586 2144; x_wconf 89' lang='lat' dir='ltr'><strong>primas</strong></span> <span class='ocrx_word' id='word_1_213' title='bbox 613 2107 644 2132; x_wconf 91' lang='lat' dir='ltr'><strong>e.</strong></span> <span class='ocrx_word' id='word_1_214' title='bbox 664 2093 780 2132; x_wconf 88' lang='lat' dir='ltr'><strong>horas</strong></span> <span class='ocrx_word' id='word_1_215' title='bbox 800 2095 821 2132; x_wconf 80' lang='lat' dir='ltr'><em>b</em></span> <span class='ocrx_word' id='word_1_216' title='bbox 841 2107 908 2144; x_wconf 93' lang='lat' dir='ltr'><strong>per</strong></span> <span class='ocrx_word' id='word_1_217' title='bbox 927 2106 1072 2144; x_wconf 86' lang='lat' dir='ltr'><strong>pronas</strong></span> <span class='ocrx_word' id='word_1_218' title='bbox 1098 2096 1149 2131; x_wconf 84' lang='lat' dir='ltr'><strong>ed.</strong></span> <span class='ocrx_word' id='word_1_219' title='bbox 1172 2094 1283 2132; x_wconf 81' lang='lat' dir='ltr'><strong>Rom.</strong></span> <span class='ocrx_word' id='word_1_220' title='bbox 1310 2104 1422 2142; x_wconf 85' lang='lat'>1510.</span> <span class='ocrx_word' id='word_1_221' title='bbox 1469 2106 1545 2142; x_wconf 90' lang='lat'><strong>219</strong></span> 
     </span>
     <span class='ocr_line' id='line_1_31' title="bbox 152 2156 1546 2209; baseline -0.001 -12"><span class='ocrx_word' id='word_1_222' title='bbox 152 2161 184 2197; x_wconf 88' lang='lat' dir='ltr'><strong>si</strong></span> <span class='ocrx_word' id='word_1_223' title='bbox 203 2173 272 2198; x_wconf 89' lang='lat' dir='ltr'><strong>om.</strong></span> <span class='ocrx_word' id='word_1_224' title='bbox 285 2159 391 2209; x_wconf 77' lang='lat' dir='ltr'><strong>Lz‘ps.</strong></span> <span class='ocrx_word' id='word_1_225' title='bbox 408 2173 457 2197; x_wconf 86' lang='lat' dir='ltr'><strong>m.</strong></span> <span class='ocrx_word' id='word_1_226' title='bbox 467 2167 531 2209; x_wconf 75' lang='lat' dir='ltr'><strong>pr.</strong></span> <span class='ocrx_word' id='word_1_227' title='bbox 549 2172 666 2209; x_wconf 90' lang='lat' dir='ltr'><strong>quam</strong></span> <span class='ocrx_word' id='word_1_228' title='bbox 686 2172 759 2197; x_wconf 91' lang='lat' dir='ltr'><strong>nec</strong></span> <span class='ocrx_word' id='word_1_229' title='bbox 779 2173 847 2197; x_wconf 89' lang='lat' dir='ltr'><strong>om.</strong></span> <span class='ocrx_word' id='word_1_230' title='bbox 867 2160 897 2197; x_wconf 92' lang='lat' dir='ltr'><strong>si</strong></span> <span class='ocrx_word' id='word_1_231' title='bbox 920 2159 1033 2198; x_wconf 83' lang='lat' dir='ltr'><strong>Voss.²</strong></span> <span class='ocrx_word' id='word_1_232' title='bbox 1062 2160 1294 2197; x_wconf 88' lang='lat' dir='ltr'><strong>restrinxerit</strong></span> <span class='ocrx_word' id='word_1_233' title='bbox 1317 2156 1546 2209; x_wconf 64' lang='lat' dir='ltr'><strong>Wss.²LzJ&gt;s.</strong></span> 
     </span>
     <span class='ocr_line' id='line_1_32' title="bbox 150 2224 1546 2275; baseline 0 -13"><span class='ocrx_word' id='word_1_234' title='bbox 150 2226 424 2275; x_wconf 87' lang='lat' dir='ltr'><strong>perstrinxerat</strong></span> <span class='ocrx_word' id='word_1_235' title='bbox 453 2224 562 2262; x_wconf 63' lang='lat' dir='ltr'><strong>Voss)</strong></span> <span class='ocrx_word' id='word_1_236' title='bbox 590 2224 679 2262; x_wconf 76' lang='lat' dir='ltr'><strong>Cus.</strong></span> <span class='ocrx_word' id='word_1_237' title='bbox 701 2225 971 2262; x_wconf 86' lang='lat' dir='ltr'><strong>constrinxerit</strong></span> <span class='ocrx_word' id='word_1_238' title='bbox 991 2238 1020 2262; x_wconf 92' lang='lat'><strong>0.</strong></span> <span class='ocrx_word' id='word_1_239' title='bbox 1082 2238 1158 2262; x_wconf 89' lang='lat'><strong>220</strong></span> <span class='ocrx_word' id='word_1_240' title='bbox 1187 2226 1295 2275; x_wconf 82' lang='lat' dir='ltr'><strong>fingit</strong></span> <span class='ocrx_word' id='word_1_241' title='bbox 1329 2225 1504 2262; x_wconf 72' lang='lat' dir='ltr'><strong>Vossiam·</strong></span> <span class='ocrx_word' id='word_1_242' title='bbox 1526 2236 1546 2262; x_wconf 93' lang='lat'><strong><em>0</em></strong></span> 
     </span>
     <span class='ocr_line' id='line_1_33' title="bbox 153 2289 1547 2340; baseline -0.001 -13"><span class='ocrx_word' id='word_1_243' title='bbox 153 2291 302 2340; x_wconf 87' lang='lat' dir='ltr'><strong>stringit</strong></span> <span class='ocrx_word' id='word_1_244' title='bbox 324 2290 412 2329; x_wconf 80' lang='lat' dir='ltr'><strong>Cus.</strong></span> <span class='ocrx_word' id='word_1_245' title='bbox 473 2303 543 2327; x_wconf 86' lang='lat'><strong>221</strong></span> <span class='ocrx_word' id='word_1_246' title='bbox 577 2290 687 2328; x_wconf 90' lang='lat' dir='ltr'><strong>fletus</strong></span> <span class='ocrx_word' id='word_1_247' title='bbox 716 2291 822 2327; x_wconf 74' lang='lat' dir='ltr'><strong>etiam</strong></span> <span class='ocrx_word' id='word_1_248' title='bbox 854 2289 966 2328; x_wconf 79' lang='lat' dir='ltr'><strong>Voss.2</strong></span> <span class='ocrx_word' id='word_1_249' title='bbox 995 2290 1084 2329; x_wconf 83' lang='lat' dir='ltr'><strong>Cus.</strong></span> <span class='ocrx_word' id='word_1_250' title='bbox 1106 2291 1244 2329; x_wconf 88' lang='lat' dir='ltr'><strong>fluctus</strong></span> <span class='ocrx_word' id='word_1_251' title='bbox 1274 2291 1385 2328; x_wconf 80' lang='lat' dir='ltr'><strong>Voss.1</strong></span> <span class='ocrx_word' id='word_1_252' title='bbox 1405 2290 1547 2327; x_wconf 88' lang='lat' dir='ltr'><strong>fluxtus</strong></span> 
     </span>
    </p>
   </div>
   <div class='ocr_carea' id='block_1_5' title="bbox 151 2355 1545 2472">
    <p class='ocr_par' dir='ltr' id='par_1_7' title="bbox 151 2355 1545 2472">
     <span class='ocr_line' id='line_1_34' title="bbox 151 2355 486 2394; baseline 0.003 -2"><span class='ocrx_word' id='word_1_253' title='bbox 151 2369 170 2392; x_wconf 90' lang='lat'><strong><em>0</em></strong></span> <span class='ocrx_word' id='word_1_254' title='bbox 190 2355 300 2393; x_wconf 86' lang='lat' dir='ltr'><strong>flatus</strong></span> <span class='ocrx_word' id='word_1_255' title='bbox 320 2355 486 2394; x_wconf 80' lang='lat' dir='ltr'><strong>Iacobus.</strong></span> 
     </span>
     <span class='ocr_line' id='line_1_35' title="bbox 206 2420 1545 2472; baseline 0 -14"><span class='ocrx_word' id='word_1_256' title='bbox 206 2433 243 2459; x_wconf 90' lang='lat' dir='ltr'><strong>u.</strong></span> <span class='ocrx_word' id='word_1_257' title='bbox 266 2430 339 2471; x_wconf 89' lang='lat'><strong>217</strong></span> <span class='ocrx_word' id='word_1_258' title='bbox 372 2422 548 2460; x_wconf 88' lang='lat' dir='ltr'><strong>certatim</strong></span> <span class='ocrx_word' id='word_1_259' title='bbox 577 2420 844 2468; x_wconf 86' lang='lat' dir='ltr'><strong>emendarunt,</strong></span> <span class='ocrx_word' id='word_1_260' title='bbox 874 2420 1076 2460; x_wconf 85' lang='lat' dir='ltr'><strong>Reinesius</strong></span> <span class='ocrx_word' id='word_1_261' title='bbox 1105 2426 1211 2472; x_wconf 79' lang='lat' dir='ltr'><strong>atque</strong></span> <span class='ocrx_word' id='word_1_262' title='bbox 1243 2424 1314 2460; x_wconf 84' lang='lat' dir='ltr'><strong>imo</strong></span> <span class='ocrx_word' id='word_1_263' title='bbox 1347 2422 1480 2460; x_wconf 70' lang='lat' dir='ltr'><strong>siliunt</strong></span> <span class='ocrx_word' id='word_1_264' title='bbox 1505 2422 1545 2459; x_wconf 76' lang='lat' dir='ltr'><strong>in</strong></span> 
     </span>
    </p>
   </div>
   <div class='ocr_carea' id='block_1_6' title="bbox 455 2517 1251 2562">
    <p class='ocr_par' dir='ltr' id='par_1_8' title="bbox 455 2517 1251 2562">
     <span class='ocr_line' id='line_1_36' title="bbox 455 2517 1251 2562; baseline 0.003 -12"><span class='ocrx_word' id='word_1_265' title='bbox 455 2517 466 2537; x_wconf 85' lang='lat'>¹</span> <span class='ocrx_word' id='word_1_266' title='bbox 490 2518 581 2551; x_wconf 88' lang='lat' dir='ltr'><strong>Idem</strong></span> <span class='ocrx_word' id='word_1_267' title='bbox 599 2524 705 2551; x_wconf 86' lang='lat' dir='ltr'><strong>censet</strong></span> <span class='ocrx_word' id='word_1_268' title='bbox 724 2518 908 2551; x_wconf 86' lang='lat' dir='ltr'><strong>Doruillius</strong></span> <span class='ocrx_word' id='word_1_269' title='bbox 924 2519 966 2551; x_wconf 89' lang='lat' dir='ltr'><strong>ad</strong></span> <span class='ocrx_word' id='word_1_270' title='bbox 983 2519 1108 2552; x_wconf 83' lang='lat' dir='ltr'><strong>Charit.</strong></span> <span class='ocrx_word' id='word_1_271' title='bbox 1125 2531 1158 2562; x_wconf 86' lang='lat' dir='ltr'><strong>p.</strong></span> <span class='ocrx_word' id='word_1_272' title='bbox 1177 2528 1251 2560; x_wconf 79' lang='lat'>532.</span> 
     </span>
    </p>
   </div>
  </div>
 </body>
</html>
