1786 2878
853 136 885 167 V
1477 140 1555 184 197

164 242 324 280 reddant
340 241 488 290 Debita,
510 242 580 292 qui
594 243 679 280 nali
693 254 817 280 coram
839 255 893 279 me
914 255 1056 280 cernere
1074 243 1181 281 lelum
1201 242 1345 280 Fecisti
1359 247 1394 280 el
1407 245 1558 293 patrios

145 308 327 357 foedasti
343 308 487 358 funere
515 309 651 346 uultus.
710 307 833 357 Epist.
860 307 1037 357 Sapphus
1071 318 1141 356 151
1171 306 1281 359 (153)
1311 307 1402 346 Sola
1430 311 1556 347 uirum

164 386 236 410 non
260 374 339 411 ulla
359 375 437 424 pz'e
461 374 704 412 maestissima
730 377 847 412 mater
869 374 1044 419 Concinit
1060 372 1267 412 Ismarium
1287 373 1457 412 Daulias
1483 375 1558 411 ales

161 436 261 486 Igyn.

217 503 364 554 Itaque,
397 504 428 543 si
459 504 611 543 Gembl.
641 503 841 554 repudiato
874 516 1011 544 uersus
1041 504 1255 543 secundum
1285 505 1485 543 Cusanum
1519 511 1556 542 et

162 567 375 608 Vossianos
396 570 604 620 scripseris,
625 570 718 608 tales
739 570 904 608 euadent

326 635 637 686 Ructantemque
667 644 816 685 patrem
846 642 970 682 natos,
1001 635 1199 686 solemque
1227 647 1423 674 reuersum

325 699 378 738 Et
405 713 566 738 caecum
595 701 677 738 sine
706 701 809 738 nube
838 702 900 750 pie
929 701 1094 739 Titana:
1135 701 1281 739 iuuabit

323 765 461 804 Dicere
489 765 588 803 bella
616 766 712 804 uteri
741 767 981 817 mixtumque
1010 768 1048 804 in
1077 766 1189 804 fratre
1217 773 1420 817 parentem

215 841 264 878 V.
286 843 363 889 468

322 906 555 958 Aeriamque
585 906 715 957 fugam
745 910 993 958 †nectosque
1023 920 1070 945 ex
1100 908 1252 958 ignibus
1282 920 1406 947 annos

160 987 344 1033 nectosque
365 983 515 1022 Gembl.
537 984 627 1022 Cus.
648 988 832 1034 uectosque
851 984 978 1022 Voss.¹
1000 989 1166 1034 notosque
1185 985 1316 1022 Voss.²

215 1048 360 1087 Iniuria
401 1049 568 1087 Huetius
615 1050 770 1099 negauit
817 1049 1024 1099 significari
1067 1050 1128 1088 hic
1163 1051 1330 1088 Aesonis
1374 1050 1413 1088 in
1457 1063 1556 1089 aeno

161 1114 389 1161 coctionem,
409 1126 508 1164 quae
534 1114 678 1152 aeriam
705 1115 837 1165 fugam
864 1114 1028 1153 Medeae
1057 1115 1120 1152 diu
1146 1116 1407 1165 praecesserit.
1464 1115 1557 1154 Non

160 1187 239 1219 tam
258 1187 393 1219 exacte
414 1181 505 1218 dicit
525 1179 720 1219 Manilius.
778 1181 883 1219 Nam
904 1181 1019 1218 etiam
1040 1194 1102 1218 uu.
1126 1184 1215 1228 466,
1238 1184 1313 1229 467

323 1245 522 1292 Quaerent
552 1245 716 1284 Medeae
746 1252 860 1284 natos
891 1246 1122 1296 fratremque
1152 1254 1390 1297 patremque,

322 1311 429 1350 Hinc
458 1312 586 1358 uestis,
617 1311 718 1350 illinc
748 1312 925 1350 flammas
954 1325 1025 1362 pro
1054 1325 1211 1350 munere
1241 1313 1390 1359 missas,

159 1406 295 1432 uerum
319 1394 495 1432 ordinem
519 1406 645 1432 rerum
675 1395 838 1438 inuertit,
861 1407 950 1432 cum
976 1395 1145 1445 primum
1170 1395 1377 1445 prodiderit
1407 1400 1555 1445 patrem

158 1461 306 1498 Aeeten
361 1460 515 1506 Medea,
564 1460 655 1498 dein
709 1460 866 1498 fratrem
912 1461 1125 1510 Absyrtum
1179 1461 1392 1507 laniauerit,
1441 1461 1554 1498 tertio

161 1523 350 1561 Creusam
392 1530 499 1560 ueste
543 1528 737 1560 uenenata
779 1524 1020 1569 cremauerit,
1058 1531 1256 1572 postremo
1302 1523 1402 1561 filios
1439 1522 1553 1560 truci-

160 1588 316 1626 dauerit.
371 1587 521 1625 Eadem
543 1589 746 1638 permixtio
766 1601 894 1626 rerum
914 1589 988 1625 ΙΙΙ.
1012 1591 1033 1626 8
1056 1602 1140 1638 sqq.

323 1664 513 1702 Colchida
541 1677 614 1703 nec
643 1665 805 1702 referam
834 1665 1067 1704 uendentem
1096 1677 1216 1714 regna
1246 1665 1417 1715 parentis

320 1730 373 1767 Et
401 1730 571 1768 lacerum
599 1731 755 1768 fratrem
785 1737 929 1779 stupro,
959 1738 1186 1780 segetesque
1214 1731 1404 1775 uirorum,

323 1795 620 1846 Taurorumque
650 1803 775 1835 truces
804 1796 992 1844 flammas,
1024 1796 1258 1846 uigilemque
1287 1796 1511 1842 draconem,

322 1861 372 1900 Et
400 1861 561 1900 reduces
590 1873 726 1907 annos,
756 1873 928 1910 auroque
957 1862 1137 1900 incendia
1166 1862 1277 1908 facta,

324 1926 374 1964 Et
403 1927 502 1965 male
531 1934 744 1976 conceptos
773 1933 905 1977 partus
935 1927 1120 1977 peiusque
1149 1935 1318 1973 necatos

158 2003 198 2042 in
214 2003 351 2053 quibus
371 2003 517 2040 reduces
536 2016 663 2048 annos,
677 2009 717 2040 ut
739 2003 832 2040 olim
853 2003 997 2041 notauit
1012 2003 1226 2050 Reinesius,
1245 2004 1346 2041 idem
1363 2003 1554 2053 significat

159 2069 264 2119 quod
283 2068 343 2106 hic
364 2081 489 2106 annos.
539 2068 758 2106 Praeiuerat
771 2067 933 2106 Ouidius
954 2068 1041 2106 loco
1058 2069 1176 2107 nobili
1193 2069 1240 2106 de
1257 2068 1400 2106 Medea
1422 2068 1478 2105 M.
1493 2068 1552 2105 vii.

164 2136 236 2171 168
258 2133 372 2171 Deme
391 2135 478 2171 meis
497 2135 610 2170 annis
629 2137 663 2170 el
679 2134 834 2182 demptos
849 2134 940 2170 adde
951 2135 1116 2183 parenti.
1168 2144 1242 2181 215
1257 2141 1329 2183 per
1343 2147 1431 2183 quos
1451 2146 1554 2170 reno-

158 2203 247 2236 uala
266 2203 424 2236 senectus
439 2199 489 2236 In
497 2200 632 2250 florem
653 2199 775 2236 redcat
786 2200 995 2248 primosque
1015 2200 1211 2248 recollzjgal
1227 2213 1353 2237 annos.
1408 2208 1480 2246 237
1498 2198 1557 2235 Et

159 2269 276 2301 lamen
296 2278 455 2301 annosae
466 2265 595 2313 pellem
607 2271 761 2313 posuere
780 2268 944 2301 senectae.
996 2277 1068 2312 292
1085 2265 1207 2302 Aeson
1229 2266 1395 2302 miratur
1413 2268 1447 2300 el
1467 2265 1552 2300 olim

161 2329 260 2366 Ante
278 2334 408 2378 quater
429 2330 535 2366 denos
554 2329 650 2366 hunc
669 2342 705 2365 se
724 2330 977 2367 remz'nzsez'lur
996 2343 1124 2368 annos.

214 2395 344 2432 Potest
363 2395 476 2445 igitur
495 2395 533 2432 id
554 2394 659 2445 quod
679 2402 735 2432 est
755 2395 795 2431 in
811 2395 950 2441 Voss.¹,
971 2400 1086 2432 ueclos
1105 2409 1155 2434 ex
1177 2395 1327 2444 Ignibus
1347 2408 1475 2440 annos,
1497 2394 1552 2432 sic

160 2459 314 2497 defendi
333 2468 373 2497 ut
390 2461 577 2510 significet
594 2461 827 2498 iuuentutem
849 2473 896 2498 ex
918 2461 1091 2498 coctione
1112 2461 1198 2498 aeni
1214 2467 1420 2509 receptam,
1437 2464 1553 2496 ueclos

159 2531 200 2562 ut
228 2525 274 2563 sit
301 2525 450 2563 adlatos
477 2533 513 2563 et
539 2526 691 2575 magica
715 2533 794 2563 arte
822 2533 1056 2575 reportatos:
1095 2533 1130 2563 et
1161 2526 1212 2562 sic
1240 2526 1315 2562 iam
1346 2525 1552 2562 Stoeberus
