1786 2878
251 138 303 178 80
697 143 895 176 A'OCTES
922 143 995 174 MA
1002 142 1137 173 NJLJA
1145 142 1250 173 ΝΛΕ

247 259 368 285 unum
407 257 547 296 corpus
586 245 650 283 fati
690 245 738 283 ad
777 244 883 295 quod
920 244 1278 282 mathematicorum
1326 243 1421 281 ratio
1467 243 1636 281 trahatur

248 320 285 350 et
319 313 353 350 ei
387 318 529 360 pareat.
595 311 646 348 At
665 311 758 361 sali
784 311 881 347 ralz'o
912 322 989 347 non
1024 310 1184 346 multum
1219 308 1407 357 discrepat
1440 320 1462 346 a
1494 310 1637 345 ratione

233 379 412 428 satorum
459 389 575 426 quam
624 389 671 414 ex
720 376 907 413 sideribus
954 375 1042 412 duci
1089 386 1246 413 ornnem
1295 374 1408 411 tradit
1456 372 1639 410 Manilius

251 444 280 481 1.
305 445 402 481 261:
433 449 469 480 et
489 454 623 480 sensus
653 441 705 479 sic
726 440 948 478 manifestus
975 440 1036 477 fit:
1066 447 1200 477 natura
1227 439 1352 476 sanxit
1377 451 1443 487 per
1470 439 1639 487 auspicia

250 509 459 546 certissima
478 506 569 557 (hoe
589 513 647 544 est
667 508 788 543 omina
807 518 961 550 summa,
974 511 1010 542 et
1031 505 1083 542 sic
1103 504 1346 542 scribendum
1362 503 1466 542 loeus
1482 502 1639 553 clamat)

251 581 293 612 ut
326 573 563 623 genethliaca
595 571 691 609 ratio
726 573 764 608 in
802 583 922 608 unum
956 570 1075 607 coiret
1108 569 1349 618 efficeretque
1389 576 1573 618 tanquam
1607 569 1642 603 ἓν

250 640 408 684 σύστημα
434 640 491 684 τῆς
513 639 741 683 πεπρωμένης.
796 637 918 673 omina
945 635 993 672 ad
1017 635 1204 684 principia
1233 634 1321 672 artis
1350 633 1641 671 mathematicae

250 704 382 749 refero,
414 715 506 741 nam
544 702 757 741 secundum
797 701 982 740 Ouidium
1019 700 1061 738 F.
1094 701 1118 738 i.
1157 701 1229 749 178
1273 698 1408 736 Omina
1438 700 1641 748 principles·

250 771 363 806 inesse
380 770 501 806 solent.

305 835 378 872 III.
401 836 527 882 68-71
555 834 607 871 sic
628 839 759 870 extant
779 833 818 869 in
839 831 991 870 Gembl.

413 900 603 948 Quaeque
651 911 771 948 opera
817 904 930 947 atque
978 903 1077 934 artes
1123 896 1358 947 quicumque
1400 906 1467 944 per
1510 895 1641 932 omnia

521 976 632 1002 casus

414 1030 600 1067 Humana
628 1029 667 1066 in
696 1029 774 1065 uita
801 1034 978 1078 poterant
1007 1027 1229 1075 contingere
1259 1032 1359 1063 sorte

413 1095 628 1144 Complexa
657 1101 713 1131 est
741 1100 796 1131 tot
825 1100 861 1130 et
890 1093 928 1129 in
956 1099 1083 1142 partes
1111 1098 1205 1141 quot
1233 1098 1270 1128 et
1298 1098 1398 1128 astra
1427 1095 1614 1127 uocarant

415 1159 492 1198 Res
522 1160 658 1209 posuit.

307 1228 355 1263 68
378 1229 628 1276 ‘quecunque
655 1223 791 1262 Gembl.
811 1224 874 1260 sed
899 1235 920 1271 ς
949 1224 987 1259 in
1017 1223 1027 1259 i
1056 1221 1122 1273 (an
1151 1222 1162 1259 i
1191 1223 1229 1258 z'n
1260 1220 1296 1272 e)
1321 1222 1480 1258 mutauit
1499 1227 1562 1269 pr.
1586 1220 1643 1256 m.'

256 1292 295 1329 T
289 1293 488 1329 homasz‘us.
537 1293 586 1339 69
608 1297 749 1328 sortem
765 1289 875 1326 ceteri
886 1289 1029 1326 codices.
1079 1298 1128 1335 70
1150 1293 1203 1325 tot
1219 1294 1255 1324 et
1272 1287 1310 1323 in
1327 1294 1453 1336 partes
1479 1284 1591 1323 Voss.2
1606 1292 1643 1322 et

252 1371 320 1395 om.
338 1357 426 1396 Cus.
441 1370 460 1394 0
478 1357 517 1393 in
530 1363 586 1394 tot
599 1363 726 1406 partes
752 1353 1000 1403 sbsssttotque
1014 1354 1052 1390 in
1068 1353 1184 1402 partis
1197 1353 1216 1390 b
1231 1352 1337 1401 quod
1357 1351 1445 1389 Cas.
1459 1358 1645 1389 uocarant

255 1423 344 1461 Cus.
371 1421 480 1460 Voss}
494 1435 513 1459 0
526 1427 682 1458 uocarat
705 1420 814 1457 Voss?
830 1420 973 1458 locarat
994 1419 1024 1465 b,
1040 1419 1099 1455 αἵτ’
1113 1418 1238 1455 multis
1248 1422 1335 1466 post
1351 1418 1460 1454 annzlr
1478 1418 1648 1454 corrext‘t

253 1489 451 1525 Benllez'us.
510 1496 553 1534 71
579 1486 776 1535 Disposuit
795 1485 992 1522 Bentlez'us.

308 1553 425 1600 Quod
453 1565 488 1589 u.
520 1554 569 1600 69
599 1557 694 1588 sorte
721 1558 776 1588 est
806 1551 844 1588 in
873 1549 1024 1587 Gembl.
1053 1554 1180 1586 sortem
1211 1549 1250 1585 in
1279 1548 1422 1593 ceteris,
1443 1553 1646 1597 utrumque

252 1619 423 1664 latinum,
458 1618 526 1655 sed
560 1617 819 1655 accusatiuum
854 1615 969 1653 credo
1004 1613 1209 1651 Manilium
1242 1613 1476 1662 praetulisse,
1514 1619 1554 1649 ut
1587 1619 1645 1649 est

254 1684 462 1733 quaesitior
483 1683 521 1720 in
548 1682 819 1727 locutionibus,
842 1693 913 1718 nec
941 1680 1013 1717 nisi
1039 1679 1226 1717 rarissime
1254 1678 1351 1716 duos
1378 1678 1565 1715 ablatiuos
1591 1677 1645 1714 sic

254 1750 500 1798 neglegenter
537 1748 746 1796 coniungit.
802 1746 969 1784 Velleius
1008 1746 1029 1782 i.
1070 1758 1084 1781 1
1122 1745 1249 1781 sortiti
1281 1748 1368 1780 sunl
1403 1748 1482 1780 uter
1510 1744 1644 1791 palrz'a

254 1816 451 1852 decederet:
482 1826 563 1850 sors
601 1812 834 1862 Cvrrhenum
868 1811 1030 1859 conlzgrz't,
1062 1810 1142 1859 pari
1181 1809 1306 1846 studio
1345 1808 1455 1845 solita
1488 1808 1645 1844 uitandi.

255 1880 417 1917 Dubites
446 1886 576 1916 tamen
604 1890 654 1915 an
683 1889 761 1914 non
791 1876 1009 1913 Humanam
1040 1875 1165 1924 potius
1194 1873 1438 1911 scribendum
1468 1872 1536 1917 sit;
1578 1871 1647 1909 sed

255 1945 328 1983 hoc
350 1944 454 1981 nullo
475 1944 608 1981 codice
630 1943 766 1979 nititur.
824 1941 1005 1979 Proximo
1026 1952 1136 1977 uersu
1162 1940 1272 1976 unice
1300 1950 1433 1975 uerum
1461 1943 1517 1975 est
1543 1941 1595 1974 lot
1617 1941 1652 1973 et

257 2012 295 2047 in
306 2014 435 2059 parles
455 2007 619 2058 (parles),
641 2020 719 2046 non
740 2011 855 2056 solque
878 2008 916 2043 in
932 2010 1062 2055 parles
1076 2019 1090 2043 .·
1121 2018 1168 2043 ex
1192 2004 1256 2042 illo
1278 2003 1434 2041 defluxit
1453 2007 1487 2039 el
1503 2003 1646 2040 omisso

255 2081 308 2113 lot
335 2077 373 2112 z'n
391 2077 520 2124 partis
546 2073 652 2123 quod
686 2073 829 2110 habent
858 2071 892 2109 C
893 2086 945 2109 us.
967 2078 1003 2109 et
1030 2084 1058 2117 0,
1089 2072 1127 2107 in
1154 2075 1205 2107 lot
1222 2075 1351 2119 parles
1377 2068 1483 2118 quod
1513 2066 1647 2112 Voss.¹;

255 2147 390 2191 postea
418 2139 605 2177 succreuit
631 2143 746 2186 totque
770 2139 808 2174 in
831 2143 960 2186 parles
987 2136 1090 2186 quod
1117 2143 1173 2172 est
1193 2135 1231 2172 in
1252 2135 1282 2171 b.
1339 2134 1476 2172 Cetera
1502 2133 1646 2182 optime

257 2206 419 2244 correxit
448 2204 662 2247 Bentleius;
704 2215 924 2252 quanquam
953 2203 1098 2239 locarat
1126 2199 1174 2251 (si
1203 2200 1412 2249 quidquam
1446 2198 1484 2234 in
1513 2209 1560 2235 eo
1590 2205 1646 2234 est

257 2271 368 2321 lucri)
399 2270 464 2308 diu
492 2277 578 2306 ante
610 2268 825 2306 Bentleium
856 2276 1070 2305 correctum
1101 2266 1218 2303 suerat
1249 2265 1288 2301 in
1311 2264 1342 2301 b.
1401 2262 1461 2300 Sic
1491 2262 1540 2299 11.
1568 2264 1642 2310 382

257 2349 373 2373 secum
400 2337 560 2384 iungunt
587 2345 657 2383 pro
683 2346 718 2369 se
742 2334 970 2381 coniungunt
987 2338 1075 2369 ante
1101 2330 1314 2369 Bentleium
1339 2329 1370 2365 is
1394 2328 1558 2365 correxit
1580 2327 1646 2376 qui

258 2402 295 2438 id
324 2401 576 2450 adscripserat
604 2405 692 2436 ante
723 2410 754 2434 a.
783 2400 881 2434 1600
906 2398 943 2434 in
970 2397 1143 2445 margine
1172 2394 1347 2432 editionis
1377 2392 1580 2430 Romanae
1611 2404 1645 2428 a.

264 2477 376 2514 1510,
403 2466 467 2516 qui
495 2476 612 2514 penes
641 2476 702 2500 me
730 2471 798 2508 est,
825 2463 871 2500 de
901 2474 978 2512 quo
1007 2462 1105 2499 libro
1134 2459 1343 2508 ceterisque
1374 2458 1424 2494 ibi
1455 2457 1644 2495 adnotatis

259 2531 389 2568 omnia
409 2531 445 2568 in
466 2530 664 2580 Epimetro
685 2528 862 2565 adnexui.
