1786 2878
672 128 837 160 EPJME
844 128 902 160 TR
912 128 987 160 VM
1451 132 1497 163 21
1508 128 1534 173 5

197 234 285 274 Alia
316 233 449 273 nescio
477 246 528 272 an
556 233 658 283 apud
690 233 811 271 ullum
840 233 892 272 sis
920 234 1156 279 inuenturus,
1188 233 1253 270 din
1281 244 1353 284 pro
1386 246 1471 282 qua,
1500 237 1536 270 et

141 302 286 350 templis
310 312 381 350 pro
406 300 591 348 exemplis,
612 304 772 348 augusta
792 310 863 348 pro
884 303 1053 348 angusta,
1070 303 1195 348 petens
1213 310 1285 348 pro
1299 303 1405 347 petes,
1418 305 1532 348 pera-

138 368 267 415 gentia
286 366 409 402 sidera
429 365 597 402 membris
611 377 681 414 pro
698 365 876 414 parentia
895 364 1174 418 szgnafigurz's,
1197 369 1230 401 el
1241 365 1401 414 geminis
1420 364 1536 401 simul

141 435 176 468 et
187 443 276 479 quos
285 431 447 479 prolulz'l
463 442 564 467 urna
583 442 654 479 pro
668 430 814 478 gemini
820 430 941 477 pz'sces
960 442 1048 477 quos
1059 430 1223 478 protulit
1239 430 1350 474 unda,
1365 431 1532 478 utrisque

141 508 215 546 pro
234 497 434 544 utriusque,
441 496 550 546 foris
570 507 639 544 pro
647 495 749 544 fori,
767 495 807 530 in
819 494 1019 544 frontibus
1039 495 1128 543 zpsz's
1140 494 1260 532 Nosse
1278 495 1369 531 satis
1389 507 1460 531 non
1480 498 1534 532 est

139 573 212 611 pro
225 561 503 610 quodpartzbus
522 561 611 609 zpsz's
630 559 934 597 Dodecatemorz‘zz
973 559 1064 597 Hoc
1085 559 1263 597 ultimum
1284 566 1387 597 certe
1408 571 1526 609 quam

141 639 263 676 prope
290 639 313 664 a
342 626 488 663 traditis
514 625 694 663 codicum
720 625 862 671 litteris,
884 631 962 662 tam
988 624 1103 674 longe
1125 637 1148 661 a
1168 637 1265 663 sono
1286 625 1392 662 abest
1412 624 1529 662 litter-

141 703 271 729 arum:
291 698 333 729 ut
345 691 470 741 quiuis
493 690 678 740 intelligat
692 697 757 728 aut
770 703 817 728 ex
833 690 967 728 codice
981 690 1154 728 dissimili
1170 697 1388 728 nostrorum
1402 697 1466 727 aut
1479 702 1527 728 ex

141 757 323 806 singulari
343 755 540 794 diuinandi
559 756 730 793 ubertate
749 756 984 805 prouenisse.
1056 756 1140 792 Iam
1168 755 1259 792 illud
1264 756 1377 805 foris
1397 767 1528 794 nonne

141 834 279 860 omnes
308 833 491 859 numeros
510 821 623 859 habet
651 821 960 870 probabilitatis?
1018 820 1124 867 Quid
1140 827 1227 858 sunt
1242 821 1346 858 enim
1367 821 1529 859 insidiae

139 887 237 926 fori?
292 887 436 937 Aperte
465 893 715 936 opponuntur
744 886 841 924 inter
870 898 909 924 se
938 886 1091 923 fraudes
1120 886 1222 932 foris,
1255 886 1392 924 caedes
1421 886 1528 924 domi

139 959 254 1002 atque
282 953 323 989 in
351 952 553 990 moenibus
579 952 671 1001 ipsis
692 951 855 989 Romae.
912 951 1029 989 Amat
1057 951 1132 989 hoc
1157 951 1371 989 antitheton
1392 951 1528 989 Cicero

140 1025 182 1056 ut
211 1031 258 1056 ex
289 1018 436 1055 Handii
464 1018 686 1055 Tursellino
716 1024 873 1067 apparet
898 1017 934 1055 ii.
956 1030 992 1067 p.
1017 1019 1108 1065 708.
1158 1016 1219 1054 De
1247 1016 1325 1056 Off.
1346 1017 1369 1054 i.
1394 1030 1454 1054 22.
1478 1018 1527 1066 76

134 1084 257 1132 parui
277 1084 370 1120 enim
390 1083 593 1133 sunlsorz's
612 1096 733 1129 arma,
755 1085 835 1120 nisi
855 1088 906 1120 est
922 1084 1114 1120 consilium
1138 1083 1244 1120 domi.
1303 1082 1419 1120 Rosc.
1440 1083 1529 1120 Am.

138 1148 237 1186 xlvii.
271 1150 344 1197 136
372 1149 663 1198 domz'dzssgm'las,
675 1149 788 1197 foris
818 1149 1029 1186 auctoritas.
1086 1148 1220 1185 Iustin.
1249 1149 1350 1185 xxvi.
1381 1157 1403 1196 5
1417 1148 1530 1198 foris

142 1215 309 1260 z'nuz'clos,
333 1215 434 1251 domi
433 1214 608 1263 fragiles
626 1226 707 1251 esse.

195 1278 272 1317 Sed
292 1291 380 1317 cum
400 1279 556 1316 mirarer
576 1286 655 1316 tarn
674 1280 800 1317 bonae
820 1278 938 1328 frugis
953 1278 1108 1317 inuenta
1122 1285 1201 1316 tam
1217 1290 1375 1328 prorsus
1391 1278 1530 1317 nesciri

140 1345 248 1383 cuius
269 1351 406 1390 essent,
428 1344 570 1382 contuli
590 1357 653 1382 me
679 1344 728 1382 ad
756 1345 897 1394 peritos
918 1344 1108 1382 scribendi
1135 1356 1318 1394 generum
1345 1351 1380 1382 et
1402 1344 1528 1383 chiro·

138 1410 385 1460 graphorum.
442 1410 497 1447 Hi
527 1422 606 1447 non
636 1422 773 1448 omnes
802 1410 904 1448 idem
934 1410 1177 1448 iudicabant:
1211 1422 1302 1447 nam
1323 1409 1528 1457 Macraius,

141 1475 345 1522 Madanus,
367 1475 555 1513 Nicholso
576 1481 663 1512 ante
689 1488 834 1512 annum
860 1485 961 1523 1550
983 1476 1122 1525 scripta
1149 1490 1196 1515 ea
1221 1476 1530 1527 pronuntiabant,

139 1540 185 1578 E.
207 1541 264 1579 M.
285 1541 464 1578 Thomso
493 1540 663 1590 potuisse
694 1541 794 1578 circa
825 1551 926 1589 1550
953 1542 1076 1588 scribi,
1096 1542 1301 1580 Warnerus
1330 1553 1411 1579 non
1440 1548 1528 1579 ante

143 1616 244 1655 1550
274 1607 552 1656 opinabantur:
598 1606 763 1656 denique
798 1606 962 1644 Iacobus
994 1606 1135 1644 Parker
1167 1608 1338 1657 potuisse
1370 1606 1528 1656 quidem

139 1673 240 1710 circa
272 1682 374 1720 1550
409 1672 536 1717 scribi,
568 1683 655 1708 eam
688 1678 819 1709 tamen
852 1683 935 1709 esse
965 1673 1185 1710 uniuersam
1215 1673 1382 1722 speciem
1413 1673 1529 1721 scrip-

136 1744 244 1776 turae
268 1750 366 1788 quae
393 1737 512 1775 serior
531 1749 635 1774 anno
661 1739 762 1774 1600
783 1737 985 1775 uideretur.
1042 1737 1103 1775 Ne
1131 1739 1222 1776 illud
1251 1738 1407 1788 quidem
1434 1749 1529 1775 con-

138 1804 273 1849 stabat,
294 1803 426 1841 omnia
448 1802 672 1840 eiusdemne
694 1815 832 1840 manus
855 1810 994 1840 essent.
1052 1802 1144 1842 Hoc
1171 1804 1284 1852 igitur
1313 1803 1352 1840 in
1381 1804 1528 1841 incerto

137 1868 432 1918 relinquendum
468 1868 560 1905 erit:
602 1874 753 1905 tantum
791 1868 878 1906 dico
915 1868 1008 1906 mihi
1045 1875 1082 1906 et
1120 1869 1289 1918 primum
1320 1874 1530 1917 conspecta

138 1941 176 1972 et
205 1934 356 1983 saepius
385 1933 626 1972 considerata
656 1945 807 1982 semper
836 1934 915 1970 eius
945 1934 1082 1971 saeculi
1112 1935 1193 1972 uisa
1221 1946 1303 1972 esse
1333 1934 1439 1983 quod
1468 1945 1529 1970 re-

139 2000 378 2037 nascentium
396 1999 435 2036 in
456 1999 564 2036 Italia
583 1999 791 2036 litterarum
812 1999 1051 2037 nominatum
1072 2006 1139 2037 est.
1192 1999 1295 2037 Nam
1315 1999 1528 2036 litterarum

139 2065 273 2114 figura,
309 2076 532 2114 quanquam
571 2076 652 2102 non
690 2076 840 2113 semper
877 2064 1024 2111 eadem,
1059 2066 1099 2102 in
1136 2066 1359 2102 uniuersum
1397 2071 1528 2101 tamen

139 2142 259 2180 prope
296 2129 444 2168 accedit
485 2129 535 2166 ad
574 2141 659 2166 eam
700 2142 798 2178 quae
834 2130 883 2167 ab
916 2142 1019 2168 anno
1049 2142 1172 2181 usque
1210 2132 1311 2177 1480
1345 2129 1526 2167 inualuit:

141 2194 317 2244 exempla
364 2194 537 2232 inuenies
581 2194 621 2231 in
665 2194 742 2231 fine
786 2194 871 2231 libri
919 2196 1046 2233 omnis
1093 2196 1294 2233 doctrinae
1346 2195 1527 2232 uberrimi

139 2260 240 2298 Petri
267 2260 313 2298 de
340 2259 490 2298 Nolhac
514 2261 595 2297 ‘La
615 2258 867 2308 Bz'blz'ollquue
892 2260 933 2297 de
957 2260 1096 2298 Fulvio
1121 2261 1275 2307 Orsz‘rzzg'
1303 2261 1400 2298 inter
1427 2272 1527 2310 quae

140 2324 324 2362 Bernardi
349 2324 496 2371 Bembi,
524 2324 663 2374 Angeli
684 2324 871 2370 Politiani,
891 2325 937 2362 A.
959 2325 1130 2364 Colucii:
1161 2338 1325 2376 quorum
1353 2325 1528 2362 omnium

138 2390 282 2428 habent
312 2392 494 2429 adnotata
524 2391 596 2428 ista
625 2389 730 2439 quod
759 2390 881 2428 simile
915 2390 980 2428 sit:
1020 2391 1224 2441 praecipue
1253 2398 1383 2428 autem
1411 2390 1460 2427 ad
1488 2389 1527 2426 id

141 2456 335 2493 saeculum
355 2456 515 2494 redeunt
540 2455 771 2504 compendia
794 2455 1010 2505 scripturae.
1068 2456 1117 2493 Et
1137 2455 1334 2493 Macraius
1357 2455 1526 2504 quidem,

142 2522 249 2559 cuius
268 2521 406 2559 iudicio
430 2522 471 2560 in
490 2521 561 2560 hac
582 2521 667 2559 crisi
689 2521 893 2571 plurimum
919 2521 1060 2569 defero,
1081 2522 1219 2559 iterum
1241 2533 1263 2559 a
1283 2533 1344 2559 me
1371 2526 1526 2571 rogatus
