1786 2878
241 125 323 154 202
654 123 850 155 NOCTES
878 123 951 155 MA
958 124 1212 157 A‘lLlAA'AE

239 239 308 266 ars
327 228 429 266 loci.)
484 227 587 266 Nam
602 229 756 279 saelum
776 241 848 279 pro
868 241 915 268 eo
937 230 1040 280 quod
1062 230 1211 280 planius
1231 235 1311 267 arle
1323 231 1476 281 suctum
1499 230 1635 269 dicitur

239 292 342 332 idem
371 293 509 332 Cicero
543 295 582 331 in
620 294 760 333 eodem
793 294 891 333 libro
924 296 1121 345 usurpauit
1154 296 1202 334 de
1233 295 1340 334 Orat.
1375 296 1423 333 iii.
1461 298 1524 343 48.
1559 298 1633 342 184

239 361 439 397 orationem
467 373 560 409 quae
587 361 730 410 quidem
758 362 810 398 sil
831 362 952 410 polita
981 366 1088 410 alque
1106 362 1222 412 sacla
1251 362 1522 411 quodammodo.
1584 361 1636 399 Et

240 425 295 463 sic
316 425 502 463 Horatius
521 430 697 463 naturam
727 425 849 464 Lucili
877 427 1011 464 rudem
1037 435 1074 464 et
1099 428 1395 476 incompositam
1408 428 1536 477 saclis
1556 431 1637 464 arle

239 491 414 529 uersibus
452 492 633 540 opposuit
668 491 704 529 S.
736 491 758 528 i.
794 504 852 529 10.
885 503 932 540 37
973 504 1060 528 num
1094 493 1209 538 illius,
1243 505 1330 529 num
1370 505 1497 529 rerum
1536 492 1634 528 dura

241 557 394 604 negauit
446 556 650 594 Versiculos
697 561 836 593 mzlurcz
883 558 1005 606 magis
1041 558 1174 607 saclos
1219 561 1254 594 el
1296 559 1416 594 euntis·
1462 556 1635 594 lllollius.

242 620 394 659 Deinde
427 621 687 670 intelligebam
720 622 945 659 insolentius
983 623 1124 660 mutari
1163 623 1379 662 orationem
1411 635 1459 660 ex
1498 622 1635 673 plurali

239 690 380 724 creatos
399 686 448 724 ad
469 687 658 735 singulare
670 688 792 736 possit
810 699 862 725 sc.
876 694 1064 725 matrona.

293 762 330 789 u.
354 763 430 800 524
454 751 624 801 Scaliger
643 765 691 790 ex
712 753 932 791 coniectura
959 753 1108 802 scripsit
1134 752 1329 791 leuram
1357 766 1481 791 eruere
1499 766 1635 790 omne-m

240 816 425 866 orbemque
447 818 626 854 inuertere
645 819 821 866 praedae,
844 818 1142 868 suffragantibus
1168 827 1205 856 et
1232 819 1366 857 ceteris
1390 827 1428 856 et
1447 818 1634 856 Bentleio.

242 882 354 921 Solus
391 882 569 920 Barthius
613 891 795 932 grauatus
833 883 873 921 id
916 885 1083 934 recipere
1115 885 1221 934 quod
1255 885 1293 922 in
1333 884 1438 922 nullo
1485 891 1632 922 extaret

240 948 388 994 codice,
418 949 609 986 scribebat
638 948 888 998 pessumdato
916 958 1039 987 metro
1072 947 1267 987 ll'aluram
1296 963 1420 987 eruere
1448 949 1636 998 orbemque

240 1014 474 1050 z'nleruerlere
502 1014 645 1063 praeda
660 1027 675 1052 .·
715 1014 821 1051 cuius
849 1014 1051 1052 inuentum
1081 1017 1316 1052 inleruerlere
1345 1015 1396 1052 ita
1424 1015 1561 1052 admisi
1592 1022 1632 1052 ut

242 1086 357 1117 staret
377 1079 609 1125 hexameter,
631 1079 686 1118 N.
706 1092 830 1116 eruere
848 1085 954 1129 alque
973 1081 1090 1118 orbem
1111 1082 1348 1118 znlerucrlcre
1369 1081 1544 1130 praedae.

296 1143 345 1182 V.
369 1156 458 1193 529,
481 1157 559 1193 530
580 1145 634 1183 sic
654 1152 786 1183 extant
805 1145 845 1182 in
865 1146 1016 1183 Gembl.

404 1210 565 1248 Protulit
594 1218 635 1248 ut
663 1210 806 1260 legeret
835 1223 974 1249 census
1003 1212 1217 1261 spumantis
1246 1212 1285 1249 in
1314 1224 1451 1249 aurum

402 1275 454 1313 Et
482 1275 720 1325 perlucentes
750 1284 905 1325 cuperet
935 1289 1118 1325 prensare
1147 1277 1308 1326 lapillos.

298 1351 374 1390 529
407 1340 564 1378 Partulit
595 1354 614 1378 0
633 1341 666 1379 b.
725 1352 802 1390 530
827 1354 1009 1391 prensare
1039 1341 1152 1379 Voss?
1177 1356 1196 1380 o
1220 1343 1332 1392 sisare
1356 1342 1445 1381 Cus.
1471 1357 1635 1395 pensare

253 1406 366 1445 Voss}

297 1471 411 1510 Haec
432 1472 486 1510 sic
506 1463 654 1510 correxi
674 1473 714 1509 in
735 1472 840 1510 Diar.
865 1472 1003 1511 Philol.
1021 1472 1245 1523 Cantabrig.
1266 1474 1288 1511 1.
1303 1486 1334 1512 c.

405 1538 565 1576 Protulit
593 1545 635 1575 ut
662 1538 804 1588 legeret
833 1551 973 1577 census
1002 1540 1200 1577 summatis
1229 1541 1268 1577 in
1297 1553 1387 1578 aure

404 1603 455 1641 Et
484 1603 727 1654 perlucentes
757 1612 911 1653 cuperet
940 1617 1104 1654 pensare
1133 1605 1298 1654 lapillos.

243 1668 415 1706 Protulit
439 1669 625 1719 Cassiope
654 1669 834 1719 produxit
866 1670 904 1706 in
937 1677 1086 1707 tantum
1117 1671 1276 1720 peritiae
1311 1672 1382 1709 sub
1413 1684 1484 1710 suo
1514 1672 1637 1710 sidere

244 1742 373 1772 ortum
403 1739 445 1771 ul
469 1736 600 1784 legeret
626 1735 667 1771 in
695 1747 789 1771 aure
816 1736 1010 1772 summulis
1040 1736 1258 1773 aestimaret
1289 1749 1337 1773 ex
1369 1738 1493 1786 pretio
1528 1749 1635 1787 gem-

243 1812 395 1837 marum
416 1812 512 1850 quas
533 1800 572 1836 in
599 1800 753 1837 auribus
780 1807 957 1838 matrona
976 1801 1155 1850 primaria
1181 1803 1354 1851 gestabat
1373 1816 1500 1839 census
1519 1815 1636 1853 quarn

244 1864 351 1903 diues
371 1872 492 1902 esset:
523 1865 673 1902 ‘skilful
699 1865 855 1915 enough
881 1873 920 1903 to
947 1865 1038 1903 read
1064 1873 1101 1903 at
1127 1879 1150 1904 a
1175 1867 1312 1915 glance
1340 1867 1401 1904 the
1425 1869 1578 1905 income
1597 1867 1641 1905 of

244 1943 267 1968 a
299 1929 413 1969 noble
443 1930 532 1979 lady
559 1931 598 1967 in
631 1930 698 1968 her
732 1930 924 1980 earrings,’
957 1930 1044 1968 Sen.
1075 1931 1121 1968 de
1154 1944 1247 1969 rem.
1277 1932 1516 1970 fortuitorum
1548 1932 1638 1970 Duc

244 1996 327 2035 bene
372 1996 589 2041 inslitulam,
635 2009 706 2033 non
753 1997 932 2033 malerm's
976 1998 1208 2046 inquinatam
1255 1999 1370 2044 uisite,
1413 2011 1484 2034 non
1531 2000 1637 2037 cuius

244 2063 428 2099 auriculis
456 2063 639 2110 utrimque
658 2063 893 2111 palrimonia
921 2062 1008 2100 hina
1037 2064 1262 2111 dependeant.
1318 2063 1417 2101 Dial.
1440 2064 1499 2100 vii.
1528 2076 1586 2112 17.
1614 2077 1633 2101 2

245 2140 362 2177 quare
389 2140 494 2165 uxor
522 2131 586 2164 lua
614 2128 798 2176 locupletis
826 2128 952 2164 domus
980 2141 1123 2165 censum
1152 2129 1309 2166 auribus
1332 2130 1466 2178 get-il?
1521 2129 1636 2179 Prop.

247 2193 297 2231 iii.
321 2205 380 2242 13.
405 2205 463 2238 11,
489 2205 533 2229 12
562 2191 748 2229 Matrona
769 2193 902 2230 incedit
919 2206 1044 2231 census
1073 2195 1203 2231 indula
1232 2199 1409 2243 nepotum,
1437 2193 1496 2231 El
1518 2196 1636 2244 spolia

246 2258 438 2308 obprobrii
452 2263 578 2295 nostra
599 2265 671 2307 per
689 2271 756 2295 ora
777 2259 906 2296 trahit.

301 2323 348 2360 V.
372 2325 460 2372 546,
483 2333 558 2372 547
581 2323 628 2361 de
647 2323 897 2362 Andromeda
923 2324 1087 2374 loquens
1116 2332 1231 2374 poeta
1257 2325 1355 2371 dicit,
1379 2326 1632 2376 quemadmo-

246 2389 340 2427 dum
361 2389 540 2427 traditum
560 2396 616 2427 est
636 2389 675 2426 in
695 2389 848 2427 Gembl.

411 2455 486 2493 Hic
515 2454 715 2492 himeneus
742 2462 823 2492 erat
853 2455 1009 2506 solaque
1039 2455 1192 2505 publica
1221 2455 1390 2505 dampna

409 2520 485 2559 Pro
515 2521 612 2558 natis
642 2520 845 2559 lacrimans
874 2530 1030 2559 ornatur
1059 2521 1213 2559 uictima
1243 2533 1377 2570 paena.
