1786 2878
239 127 320 157 200
649 124 846 157 NOCTES
874 124 1204 157 AIANILIANAE

293 229 340 267 V.
364 240 438 278 512
463 229 516 267 sic
537 229 696 268 traditus
717 237 773 269 est
793 230 831 268 in
854 229 1007 269 Gembl.

400 291 732 342 Gemmarumque
761 294 822 330 vib
851 294 1042 331 radiantes
1070 293 1218 332 lucibus
1246 293 1367 344 ignes.

290 357 366 395 Pro
380 358 440 395 vib
456 358 562 407 quod
578 358 691 396 habet
705 358 873 404 Gembl.,
889 361 963 396 iuli
979 359 1082 408 Lips.
1100 367 1180 405 eto,
1202 361 1275 396 uili
1285 359 1386 405 Cus.,
1403 359 1478 397 nili
1489 358 1630 406 Voss.¹,

235 422 430 460 exhibent.
490 423 621 461 Voss.·2
641 424 875 462 uocabulum
905 437 994 462 cum
1024 432 1209 474 sequente
1239 426 1429 463 contraxit
1454 425 1493 462 in
1519 425 1632 462 abra-

235 490 380 526 dientes.
430 488 625 526 Bentleius
647 491 811 528 correxit
831 490 966 534 z'ubar,·
1001 498 1038 527 at
1059 491 1088 527 si
1105 490 1431 528 Gemblacensem
1451 498 1488 529 et
1502 489 1631 529 Voss.¹

237 555 445 604 sequimur,
467 554 527 591 vib
547 555 609 592 uel
634 555 694 592 uib
722 555 849 605 potius
870 568 988 605 quam
1008 556 1070 593 iub
1090 563 1339 605 praestantes,
1361 555 1481 594 suerat
1507 557 1633 606 potius

238 620 402 663 uibrant,
438 619 546 658 cuius
580 620 724 658 litterae
759 625 822 658 νᾱί
855 620 965 659 facile
1003 628 1091 659 ante
1125 621 1202 658 rad
1235 628 1413 671 poterant
1445 622 1632 660 excidere.

239 685 356 723 Mart.
378 685 523 734 Capell.
544 685 566 723 i.
591 695 638 734 75
665 684 756 723 Tres
774 691 884 723 erant
901 699 924 723 a
928 687 1065 737 fronte
1078 700 1252 735 gemmae,
1274 700 1367 736 quae
1385 687 1463 724 eius
1481 685 1633 737 effigiem

237 751 474 788 remerendam
520 764 544 788 a
589 751 790 800 cognitione
830 752 1128 802 conspicientium
1167 751 1402 791 uibrantibus
1438 753 1634 790 radiorum

221 815 450 865 fulgoribus
478 817 696 854 occulebant.

294 881 342 918 V.
367 890 553 930 513—514
576 883 628 920 sic
649 889 782 920 extant
800 882 840 920 in
861 882 1014 922 Gembl.

402 947 507 984 Hinc
536 948 724 997 Pompeia
752 956 911 986 manent
939 949 1078 987 ueteris
1107 955 1359 987 monumenta
1388 948 1570 999 triumphi

403 1011 495 1050 Non
524 1013 694 1051 extincta
722 1013 804 1051 lues
834 1026 1062 1064 semperque
1092 1015 1258 1052 recentia
1288 1015 1465 1052 flammis.

291 1075 420 1115 Credo
440 1079 508 1123 lue,
529 1078 589 1115 cui
607 1091 627 1115 s
647 1091 693 1116 ex
714 1079 892 1128 proximo
910 1086 1117 1129 semperque
1136 1079 1319 1118 adhaesit.
1376 1079 1425 1118 Et
1446 1081 1499 1118 sic
1520 1079 1634 1118 uideo

237 1141 448 1180 Breiterum
469 1143 666 1188 iudicasse,
687 1157 776 1182 cum
791 1146 850 1181 lue‘
871 1145 1029 1194 quidem
1049 1145 1151 1195 apud
1168 1145 1252 1183 Val.
1274 1146 1376 1184 Flac.
1398 1147 1444 1184 iv.
1463 1156 1541 1194 529
1564 1146 1634 1183 In-

234 1212 332 1244 terea
352 1207 511 1257 sllinyae
517 1210 628 1257 pulsa
644 1211 701 1246 lue
711 1211 842 1259 prima
863 1212 1012 1247 tonanti
1023 1210 1147 1248 Sacra
1168 1211 1315 1260 legatur
1329 1220 1559 1261 correptum,
1576 1213 1634 1249 lue

235 1285 329 1310 uero
358 1274 498 1311 eodem
520 1275 600 1312 iure
630 1276 794 1324 potuerit
825 1274 1009 1314 Manilius
1030 1277 1195 1315 scribere
1221 1289 1299 1327 quo
1308 1278 1427 1328 fame*
1442 1277 1635 1326 Vergilius

235 1338 336 1375 Aen.
351 1339 396 1376 vi.
415 1352 462 1386 42
473 1352 488 1376 1
506 1346 620 1389 atque
637 1340 710 1378 alii.
740 1341 804 1378 An
818 1341 887 1378 fuit
900 1355 964 1378 rue
976 1344 997 1378 Ρ
1011 1342 1116 1391 quod
1132 1342 1365 1380 uocabulum
1379 1343 1503 1392 potius
1517 1355 1634 1392 quam

235 1405 312 1441 luis
331 1404 480 1442 uidetur
500 1405 775 1443 restituendum
790 1406 1002 1444 Ammiano
1023 1407 1249 1446 Marcellino
1269 1421 1359 1445 xxx.
1385 1421 1418 1445 2.
1438 1420 1453 1445 1
1466 1421 1481 1445 1
1502 1408 1637 1445 solebat

237 1469 342 1506 dirae
368 1472 451 1507 ruis
479 1471 557 1508 ritu
571 1473 759 1519 grassari
777 1479 851 1521 per
876 1473 1013 1510 omnia.
1038 1472 1167 1510 Gloss.
1196 1472 1366 1523 Sangall.
1393 1473 1452 1511 ed.
1473 1473 1635 1511 Warren

237 1549 321 1572 rues
341 1537 467 1572 ruina.
524 1536 625 1574 Vide
643 1549 741 1586 quae
763 1537 810 1575 de
831 1537 904 1575 hoc
925 1538 1085 1576 disserui
1105 1539 1144 1575 in
1165 1538 1271 1576 Diar.
1293 1538 1428 1577 Philol.
1451 1538 1635 1577 Cantabr.

238 1600 288 1637 T.
327 1613 387 1637 xv.
429 1614 466 1650 p.
500 1614 533 1647 2,
558 1608 596 1639 et
623 1614 747 1651 nuper
777 1601 1052 1654 Nettleshipius
1082 1604 1122 1641 in
1152 1604 1249 1642 libro
1282 1604 1564 1642 Contributions
1600 1609 1635 1642 to

238 1666 356 1703 Latin
375 1666 679 1716 Lexicograplgy,
700 1680 737 1717 p.
759 1669 848 1715 580.

294 1731 446 1769 Locum
478 1739 582 1770 recte
614 1733 764 1770 uidetur
790 1733 950 1784 Woltjer
976 1747 1012 1784 p.
1038 1748 1085 1781 24
1107 1735 1375 1784 interpretatus
1404 1735 1452 1773 de
1478 1747 1572 1773 auro
1599 1741 1636 1773 et

239 1797 404 1847 gemmis
424 1810 520 1847 quas
537 1797 744 1847 Pompeius
761 1800 869 1836 tertio
883 1799 1076 1849 triumpho
1093 1800 1290 1846 transtulit,
1308 1801 1521 1838 secundum
1538 1801 1635 1838 Plin.

241 1862 293 1899 H.
310 1862 358 1899 N.
373 1863 510 1899 xxxvii.
530 1876 544 1900 1
556 1877 589 1900 2.
626 1863 786 1900 Victoria
803 1865 869 1901 illa
882 1864 1040 1913 Pompei
1046 1867 1216 1914 primum
1229 1866 1280 1902 ad
1292 1867 1525 1915 margaritas
1532 1879 1635 1915 gem-

240 1940 387 1976 masque
413 1941 527 1964 mores
550 1929 755 1966 inclinauit.
804 1929 858 1966 Id
883 1931 942 1966 uti
948 1931 1105 1979 planius
1131 1935 1317 1976 noscatur,
1346 1931 1457 1968 uerba
1478 1933 1560 1980 ipsa
1585 1944 1635 1968 ex

239 1994 355 2041 ipsius
374 1993 532 2042 Pompei
542 1995 812 2043 triumphorum
832 1997 924 2032 actis
943 1996 1134 2033 subiciam.
1187 1996 1297 2045 Ergo
1317 1998 1423 2033 tertio
1437 1997 1634 2046 triumpho,

239 2071 341 2107 quem
356 2059 398 2094 de
409 2059 562 2107 piratis,
583 2059 694 2105 Asia,
711 2060 832 2097 Ponto
839 2062 1076 2110 gentibusque
1090 2066 1123 2098 et
1134 2062 1281 2111 regibus
1301 2063 1340 2098 in
1359 2067 1516 2110 septumo
1532 2062 1635 2098 uolu-

239 2124 334 2160 mine
345 2125 463 2172 operis
475 2125 586 2161 huius
607 2126 780 2162 indicatis
792 2125 854 2163 ΑΙ.
874 2127 1012 2164 Pisone
1030 2126 1092 2164 M.
1108 2127 1278 2164 blessala
1293 2127 1499 2164 consulibus
1513 2128 1636 2176 pridie

239 2189 377 2226 kalend.
397 2189 562 2226 Octobris
574 2192 697 2228 natali
707 2204 772 2228 sno
795 2192 877 2240 egit,
898 2194 1096 2229 transtulit
1112 2194 1256 2230 alueum
1276 2205 1356 2229 cum
1377 2194 1520 2230 tesseris
1540 2194 1636 2230 luso-

239 2256 339 2292 rium
359 2268 375 2291 e
387 2257 544 2304 gemmis
563 2256 705 2292 duabus
724 2257 839 2293 latum
859 2258 969 2306 pedes
988 2259 1071 2304 tris,
1092 2259 1242 2307 longum
1261 2259 1369 2307 pedes
1389 2262 1574 2307 quattuor,
1594 2263 1636 2304 et,

239 2334 281 2357 ne
295 2321 379 2369 quis
397 2320 520 2370 effetas
534 2334 592 2358 res
612 2321 749 2358 dubitet
765 2323 871 2359 nulla
887 2336 1120 2372 gemmarum
1137 2324 1391 2372 magnitudine
1409 2324 1510 2360 hodie
1520 2331 1638 2373 prope

239 2386 294 2422 ad
300 2386 396 2422 hanc
407 2387 679 2435 amplitudinem
693 2388 880 2434 accedente,
895 2389 933 2424 in
947 2401 983 2425 eo
978 2389 1070 2439 fuit
1079 2389 1169 2426 luna
1184 2401 1299 2426 aurea
1303 2389 1425 2438 pondo
1437 2388 1525 2425 XX
1525 2388 1569 2425 X
1574 2411 1635 2434 —,

240 2452 343 2487 lectos
361 2452 586 2488 tricliniaris
605 2453 687 2497 tris,
718 2465 811 2489 uasa
833 2466 883 2490 ex
913 2467 1007 2491 auro
1036 2459 1070 2491 et
1091 2455 1244 2504 gemmis
1273 2454 1470 2491 abacorum
1497 2467 1634 2498 nouem,

239 2517 350 2565 signa
376 2529 492 2554 aurea
520 2518 598 2554 tria
625 2516 836 2564 Mineruae,
863 2518 1022 2566 Martis,
1046 2519 1244 2570 Apollinis,
1275 2533 1428 2557 coronas
1454 2532 1505 2557 cx
1532 2532 1634 2557 mar-
