1786 2878
255 125 310 180 96
678 134 870 167 NOCTES
899 135 1114 167 MAA‘JLJA
1124 134 1227 165 :VAE

310 252 371 277 uu.
405 241 589 287 374-376
620 239 873 288 explicatione
902 248 1003 278 caret
1022 240 1068 277 ab
1093 241 1202 284 omni,
1233 251 1304 277 nec
1334 246 1436 277 recte
1462 239 1641 278 traditum

254 313 323 342 est.
381 304 628 342 Documento
645 305 691 342 sit
705 304 834 342 Voss?
848 306 913 354 qui
930 306 1000 343 ΙΙΙ,
1025 314 1098 353 327
1123 316 1194 354 pro
1214 305 1260 342 ab
1281 305 1383 341 omni
1398 304 1511 342 habet
1530 307 1637 350 adom.

254 369 455 408 Eiusmodi
474 370 609 407 uitium
629 377 666 407 et
687 369 748 408 hic
769 370 922 408 codices
941 371 1090 408 uidetur
1110 370 1306 408 inuasisse.
1368 369 1498 408 Scribe

684 447 850 485 namque
879 435 936 473 his
965 436 1029 485 qui
1059 442 1203 484 spectat
1231 435 1280 472 ab
1309 435 1384 473 oris

415 500 627 537 Dimidium
655 513 701 538 ex
732 507 813 538 toto
841 508 989 538 tantum
1018 501 1121 538 uidet
1151 501 1243 538 orbe
1274 500 1438 539 rotundi.

306 579 343 604 u.
366 568 442 614 376
464 566 630 604 notabile
650 572 706 603 est
727 567 788 602 illi
803 566 908 616 quod
929 566 1042 604 habet
1068 564 1180 603 Voss.¹
1236 565 1531 604 Gemblacensis
1551 578 1643 604 sane

252 644 340 669 cum
360 628 490 669 Voss.2
517 631 630 668 habet
658 632 760 668 illum
788 643 840 669 sc.
867 631 1067 668 dimidium
1095 632 1230 669 orbem
1257 631 1352 668 caeli
1379 631 1443 681 qui
1471 632 1644 681 superior

252 704 306 734 est
321 710 330 743 ;
358 697 426 734 sed
445 696 655 745 elegantius
676 703 732 733 est
748 697 815 742 z'llz',
833 708 912 733 non
928 696 1077 734 datiuus
1093 696 1159 734 sed
1174 696 1399 734 aduerbium
1418 695 1486 747 (sc.
1501 708 1524 733 a
1537 703 1644 746 parte

251 761 457 812 inferiore),
479 769 515 800 et
534 763 629 800 locis
655 762 874 800 addendum
894 774 992 811 quos
1012 762 1061 799 ad
1083 762 1154 799 III.
1177 774 1252 810 309
1274 761 1401 799 adtuli.
1451 761 1548 799 Mox
1568 763 1642 798 dis-

250 829 438 876 lt‘nguz'lur
450 834 506 866 eSt
520 829 726 875 ἀφορίζεται.
767 826 918 865 Graeca
933 834 990 865 eSt
1005 834 1191 865 structura
1205 828 1402 875 ἀφορίζεται
1413 829 1513 875 μεχρὶ
1525 828 1643 873 μέσου.

307 893 380 931 ΙΙΙ.
404 902 480 942 395
511 893 564 931 sic
584 899 685 931 extat
705 894 745 930 in
765 892 917 930 Gembl.

414 958 669 1008 Quacumque
699 958 771 996 hoc
800 964 904 1007 parte
934 964 1117 995 terrarum
1146 957 1306 1007 quisque
1335 957 1511 1006 requiret,

251 1023 313 1060 hic
356 1023 467 1061 Voss.¹
506 1024 627 1073 parati
669 1023 757 1062 Cus.
803 1021 908 1060 loss)
950 1035 1043 1072 para
1084 1030 1269 1060 terrarum
1311 1021 1423 1059 Voss?
1461 1028 1570 1072 parat
1606 1028 1644 1059 et

251 1096 435 1126 terrarum
455 1089 475 1126 b
491 1102 520 1126 0.

297 1156 411 1203 parti
424 1154 592 1203 Scaliger
612 1161 795 1204 tanquam
814 1166 861 1192 ex
875 1153 1148 1191 Gemblacensi
1169 1164 1257 1190 cum
1274 1153 1469 1198 intulisset,
1487 1153 1642 1201 negauit

252 1219 444 1258 Bentleius
464 1220 503 1257 id
522 1220 607 1257 ferri
627 1232 739 1269 posse
760 1220 799 1256 in
821 1218 994 1256 Manilio.
1048 1218 1180 1255 ‘Parti
1197 1218 1354 1255 Plautus
1375 1224 1411 1255 et
1431 1217 1642 1255 Lucretius.

252 1285 329 1323 Sed
349 1285 409 1323 hic
429 1297 510 1323 non
530 1297 640 1335 opus.
689 1284 794 1333 Lege
819 1283 1052 1333 Quacumque
1071 1285 1135 1321 hoc
1150 1288 1258 1332 parte
1277 1284 1316 1320 in
1336 1288 1525 1320 lerrarum
1545 1295 1577 1332 q.
1597 1283 1642 1319 r.'

251 1350 386 1400 Nuper
406 1350 572 1388 Iacobus
583 1351 697 1399 parti
712 1350 921 1396 reuocauit,
938 1357 1108 1387 ueterem
1129 1360 1262 1386 casum
1282 1354 1338 1386 tot
1357 1349 1488 1385 turbas
1507 1347 1643 1386 fecisse

251 1424 364 1454 ratus.
407 1417 461 1454 At
477 1416 527 1454 ΙΙ.
548 1418 623 1464 726
646 1416 800 1454 codices
819 1427 899 1453 non
909 1416 1031 1464 parti,
1054 1414 1121 1452 sed
1133 1419 1253 1463 parlu
1273 1420 1491 1463 praestant:
1520 1426 1568 1451 ex
1588 1414 1643 1451 eis

250 1489 379 1519 autem
406 1482 580 1520 ablatiuis
605 1481 643 1518 in
673 1482 692 1518 ί
715 1493 813 1531 quos
840 1480 1008 1518 Iacobus
1037 1480 1171 1518 adtulit
1200 1480 1239 1516 in
1263 1479 1396 1517 Indice
1417 1479 1446 1516 Ι.
1471 1491 1546 1527 229
1574 1483 1642 1516 tolo

251 1547 471 1584 miserabilis
494 1547 583 1589 orbi,
606 1546 652 1582 V.
676 1556 751 1595 279
774 1545 893 1583 Diues
911 1550 994 1583 erat
1016 1558 1142 1582 census
1167 1546 1347 1582 saturatis
1368 1545 1537 1594 gentibus
1562 1544 1647 1581 orbi

250 1612 312 1663 (al.
327 1612 455 1663 orbis),
470 1612 499 1650 Ι.
517 1614 594 1660 813
609 1611 709 1650 Sunt
717 1612 826 1648 eliam
843 1612 933 1648 rarz'
942 1612 1037 1648 sorlc'
1045 1612 1184 1647 natalis
1198 1614 1327 1656 euntes,
1342 1609 1372 1647 Ι.
1389 1611 1465 1658 832
1481 1609 1643 1646 Aridior

250 1683 369 1714 terrae
388 1685 506 1726 uapor
525 1682 559 1715 el
575 1677 845 1726 comprenditur
865 1678 960 1725 rgm',
983 1676 1056 1713 III.
1079 1678 1154 1713 616
1176 1676 1230 1712 bis
1249 1664 1391 1723 sexque
1398 1675 1548 1723 peracti
1562 1673 1641 1710 Im-

250 1748 399 1780 matura
425 1743 581 1779 trabunl
606 1743 746 1779 natales
771 1749 926 1790 corpora
952 1743 1066 1778 morli
1082 1738 1251 1792 (Gembl.
1273 1739 1449 1789 morbus),
1471 1739 1540 1777 lv,
1563 1741 1639 1785 846

248 1810 419 1857 solitoque
437 1812 604 1856 exempta
625 1808 755 1856 uzgorz'
766 1806 829 1857 (al.
845 1805 998 1856 zczgrore),
1017 1818 1107 1842 narn
1123 1805 1320 1855 participia
1340 1817 1420 1843 non
1441 1817 1545 1849 curo,
1562 1804 1640 1841 ueri

249 1874 426 1911 uidentur
446 1885 529 1910 esse
549 1872 644 1910 sorti
660 1873 689 1910 Ι.
711 1874 801 1920 813,
818 1873 903 1921 lgnz‘
920 1871 950 1909 Ι.
972 1873 1060 1919 832,
1076 1871 1190 1908 ceteri
1211 1870 1325 1907 aliam
1345 1870 1641 1919 explicationem

248 1940 415 1989 capiunt.
460 1937 527 1976 Sin
541 1939 645 1984 sorti,
663 1939 748 1986 zgm'
760 1937 925 1975 Manilio
940 1943 1137 1986 nequeunt
1153 1935 1372 1981 abiudicari,
1387 1935 1510 1984 potuit
1525 1935 1640 1972 etiam

240 2005 356 2054 parti
367 2003 542 2049 scribere,
559 2002 781 2052 praesertim
802 2001 1085 2040 Lucretianum.
1124 2000 1228 2038 Nam
1249 2001 1511 2038 traiectionem
1531 2012 1640 2050 prae·

248 2069 481 2119 positionum
507 2069 631 2118 qualis
656 2074 713 2106 est
733 2072 845 2117 parte
871 2069 909 2104 z'n
939 2079 1018 2106 non
1047 2074 1151 2104 amat
1179 2074 1330 2104 noster:
1369 2077 1494 2116 neque
1523 2065 1563 2103 id
1591 2077 1639 2103 ex

248 2133 567 2184 palaeographica
582 2134 726 2172 ratione
740 2133 1056 2171 commendatur:
1088 2132 1234 2170 facilius
1253 2132 1357 2169 enirn
1373 2143 1420 2169 ex
1440 2130 1639 2180 multiplici

248 2200 470 2237 diuersitate
496 2199 675 2237 codicum
696 2202 807 2247 parte
835 2203 1037 2244 terrarum,
1055 2203 1154 2245 para
1183 2202 1382 2242 terrarum,
1404 2196 1544 2244 parati
1568 2199 1639 2232 ter-

247 2277 392 2309 rarum,
407 2269 526 2313 parat
543 2269 576 2300 el
591 2268 616 2301 l.
638 2263 764 2301 elicias
774 2265 890 2312 parti
905 2263 966 2300 uel
978 2264 1108 2312 parlez'
1123 2267 1323 2306 terrarum,
1343 2271 1459 2310 quam
1469 2264 1580 2309 parte
1599 2261 1639 2296 in

246 2336 447 2368 terrarum.
477 2329 604 2376 Quid?
616 2329 900 2378 paratz'ecquid
914 2328 1016 2366 aliud
1029 2334 1086 2366 est
1098 2339 1215 2377 quam
1222 2327 1335 2376 parti
1343 2325 1638 2374 amplificatum?

241 2404 353 2445 para,
374 2395 480 2445 quod
508 2395 547 2432 in
566 2392 699 2432 Voss.2
726 2393 811 2443 legi,
840 2406 969 2432 nonne
998 2400 1055 2431 est
1083 2405 1131 2431 ex
1152 2393 1266 2442 parti
1289 2391 1475 2437 uitiatum,
1496 2404 1520 2428 a
1549 2397 1586 2429 et
1609 2391 1644 2427 tz'

247 2460 415 2500 confusis
430 2461 468 2498 ¹?

310 2541 321 2559 ¹
346 2541 506 2573 Breiterus
521 2540 604 2572 coni.
626 2540 837 2580 Quacumque
853 2540 889 2570 in
900 2544 999 2581 parte
1014 2539 1071 2570 lcoc
1085 2543 1254 2570 terrarum
1271 2538 1408 2580 quisquc
1424 2537 1578 2579 requiret.
