1786 2878
810 116 835 146 J
1464 114 1516 158 25

123 236 322 270 correctore
350 233 634 282 superscrzptum
663 236 716 269 est
742 233 781 269 in
804 232 956 270 Cusano
981 237 1015 270 et
1030 232 1226 281 Lz'psiensz'
1249 244 1388 282 paruos
1416 232 1516 281 ignis

125 297 300 346 Scaliger
311 298 497 347 glomerat
519 298 632 335 Voss?
646 298 878 347 glomeratur
898 297 1084 336 Cusanus.
1118 301 1194 346 845
1212 310 1365 336 menses
1381 298 1516 335 codices

117 364 282 412 plerique
300 363 444 401 mensis
474 363 588 402 Voss.²
608 375 752 401 messes
773 363 792 400 b
805 376 823 400 0
843 370 973 401 menta
992 363 1191 401 Bentlez'us.

179 428 330 466 Locum
348 435 442 478 puto
461 429 515 466 sic
537 429 805 478 refingendum
824 441 909 466 esse
1033 431 1037 434 ’

734 493 974 543 Parthosque
1004 494 1163 543 capillos

286 558 472 597 Mentitus
497 571 632 608 paruos
662 559 769 608 signi
791 560 1023 608 glomeratur
1051 560 1089 596 in
1111 561 1222 598 orbes

286 624 401 662 Hirta
431 625 627 674 figurantis
656 625 818 663 tremulo
849 626 922 664 sub
951 625 1095 663 lumine
1124 630 1266 663 menta.

177 690 310 727 lllenta
330 692 406 727 iarn
422 689 619 728 Bentleius
640 690 807 727 dederat.
850 690 1018 728 Parthos
1038 698 1139 728 recte
1160 691 1325 740 explicat
1346 690 1516 739 Scaliger

122 769 170 794 ex
202 756 304 794 Suet.
326 756 444 805 Vesp.
474 769 521 804 23
543 769 625 792 cum
659 757 762 793 stella
796 757 935 793 crt'nz'ta
965 758 1004 793 in
1033 757 1128 793 caelo
1161 757 1404 805 apparuisset,
1430 763 1514 805 per-

121 824 234 859 tinere
270 822 410 859 dicebat
444 822 498 858 ad
530 821 764 858 Parthorum
799 835 916 870 regem
950 823 1020 870 qui
1046 823 1243 871 capillatus
1275 826 1370 858 esset.
1439 821 1514 858 Sed

122 888 246 937 magis
275 887 325 925 ad
353 899 434 924 rem
463 898 521 925 est
549 887 655 937 quod
680 900 728 924 ex
758 887 992 936 Anaglypho
1013 886 1300 936 Persepolitano
1330 888 1515 936 expressit

122 953 281 991 Richius
314 952 539 1002 Companz'on
577 957 610 989 to
643 953 762 989 Latin
799 952 1027 1000 Dictz'onary
1064 966 1100 1002 p.
1133 955 1223 991 661.
1291 953 1418 1002 Caput
1456 960 1513 989 est

121 1018 250 1056 Parthi
280 1018 436 1068 pilleum
465 1030 578 1067 supra
607 1018 730 1055 crines
759 1018 952 1067 gerentis:
983 1018 1120 1068 singuli
1150 1018 1274 1056 crines
1303 1018 1342 1054 in
1371 1018 1511 1055 cirrum

121 1084 367 1122 rotundatum
396 1084 477 1122 siue
512 1084 704 1121 sinuatum
740 1096 781 1122 se
816 1084 1029 1132 explicant:
1069 1083 1262 1122 coniuncti
1296 1089 1425 1122 autem
1460 1084 1514 1121 sie

121 1149 296 1187 diffluunt
314 1157 355 1187 ut
374 1150 584 1200 imaginem
604 1150 820 1199 exprimant
841 1156 1026 1188 cometae.

176 1215 207 1253 Ι.
229 1216 319 1262 846,
345 1225 364 1264 7
387 1216 440 1253 sic
460 1222 592 1253 extant
611 1216 649 1252 in
671 1215 825 1253 Gembl.

284 1281 517 1331 Praecipites
547 1281 676 1319 stellae
705 1281 926 1330 passimque
955 1280 1086 1318 uolare
1115 1280 1294 1318 uidentur

283 1347 385 1385 Cum
414 1360 514 1396 uaga
542 1359 610 1396 per
639 1346 801 1383 nitidum
831 1346 1035 1384 scintillant
1064 1346 1209 1383 lumina
1237 1346 1438 1384 mundum.

176 1413 253 1459 846
283 1413 505 1463 passimque
533 1413 667 1450 uolant
698 1411 810 1450 Voss?
839 1425 927 1449 num
961 1424 1156 1462 passuque
1190 1412 1370 1450 uolante?
1435 1415 1510 1461 847

118 1478 307 1528 liquidum
330 1478 418 1517 Cus.
439 1491 519 1515 cum
543 1478 742 1516 Vossz'anis.

172 1544 348 1582 Bentleio
377 1557 413 1582 u.
444 1546 520 1591 846
551 1544 760 1581 mendosus
795 1543 1008 1589 uidebatur,
1040 1555 1128 1580 cum
1163 1556 1229 1592 que
1262 1550 1368 1580 extra
1402 1555 1512 1580 suam

119 1609 251 1647 sedem
278 1609 445 1647 locatum
474 1609 670 1654 iudicaret,
691 1609 937 1659 reposuitque
957 1609 1227 1657 Praecipitant.
1288 1607 1429 1646 Melius
1457 1621 1514 1646 se-

117 1675 290 1713 cundum
312 1673 437 1722 Voss.²,
455 1675 485 1713 si
506 1687 567 1712 me
588 1675 732 1720 audies,
750 1674 932 1712 scribetur
948 1674 1176 1723 Praecipites
1194 1675 1316 1710 stellae
1330 1680 1515 1722 passuque

117 1741 261 1778 uolanle
280 1741 464 1787 uidentur,
486 1740 522 1779 h.
537 1752 569 1778 e.
594 1740 724 1778 stellae
746 1747 953 1778 cernuntur
974 1740 1203 1789 praecipites
1223 1746 1259 1776 et
1280 1751 1397 1789 passu
1418 1746 1512 1776 tam-

117 1819 235 1856 quam
255 1806 423 1844 uolante.

171 1871 276 1909 Inter
291 1873 458 1918 nitidum,
476 1873 657 1921 liquidum
679 1872 731 1909 sic
747 1871 962 1909 diiudicavit
980 1870 1173 1909 Bentleius
1189 1877 1228 1907 ut
1249 1869 1340 1907 illud
1360 1876 1515 1919 propter

118 1937 241 1974 solam
270 1943 499 1975 uetustatem
526 1936 822 1975 Gemblacensis
852 1937 1157 1986 amplecteretur.
1214 1936 1301 1985 Ego
1330 1936 1511 1984 liquidum

117 2002 272 2040 malim:
303 2015 395 2040 nam
425 2015 503 2052 quo
531 2003 655 2052 magis
684 2003 832 2041 caelum
863 2003 968 2047 nitet,
999 2001 1074 2039 hoc
1103 2002 1230 2039 minus
1259 2001 1361 2038 clare
1391 2000 1513 2038 oculis

116 2068 329 2105 offeruntur
342 2068 549 2106 scintillae:
570 2075 705 2106 contra
717 2068 754 2105 in
772 2067 915 2117 liquido
930 2067 1036 2105 caelo
1053 2067 1144 2103 nihil
1162 2067 1216 2104 eis
1233 2068 1353 2104 obest.
1379 2066 1511 2103 Germ.

116 2134 221 2170 Arat.
242 2144 331 2182 455,
354 2136 376 2171 6
406 2134 621 2172 Dz'ssimz'lz's
650 2135 798 2183 quintus
820 2132 1001 2184 (circulus
1026 2135 1104 2170 siue
1132 2131 1345 2181 Galaxias)
1366 2132 1512 2180 liquida

115 2200 182 2237 sub
201 2205 298 2237 nocte
318 2201 465 2238 uidetur
485 2200 623 2239 Sidera
643 2213 724 2237 cum
745 2200 906 2237 reddunt
922 2201 1081 2236 sinceros
1100 2199 1240 2235 eminus
1260 2200 1374 2246 ignes.

169 2266 200 2304 Ι.
224 2268 313 2314 867,
337 2268 359 2303 8

336 2332 423 2369 Siue
452 2332 536 2369 illas
566 2338 702 2369 natura
730 2330 831 2368 faces
860 2331 912 2368 ob
941 2337 1080 2368 cuncta
1108 2329 1250 2367 creauit

334 2397 467 2436 Sidera
495 2410 562 2448 per
591 2405 725 2435 tenues
754 2396 861 2434 caelo
890 2396 1055 2434 lucentia
1084 2395 1270 2432 flammas.

123 2463 197 2500 Pro
222 2464 263 2500 ob
291 2468 419 2500 cuncta
447 2463 599 2512 corrigo
620 2462 796 2499 obducta:
829 2470 906 2499 tam
945 2461 1048 2499 tenui
1082 2460 1240 2498 flamma
1268 2460 1395 2496 lucent
1426 2458 1509 2496 illae

117 2527 218 2566 faces
244 2537 283 2566 ut
307 2529 474 2567 siderum
494 2529 662 2578 speciem
693 2528 901 2578 praebeant
932 2527 998 2565 sed
1028 2527 1282 2565 obductorum
1312 2537 1354 2562 ac
1386 2536 1508 2573 paene
