1786 2878
265 184 316 224 14
667 182 863 215 NOCTES
891 183 1223 216 MANILJANAE

421 294 497 333 Seu
526 296 619 345 petit
647 295 841 347 hesperios
872 310 988 347 supra
1017 311 1057 336 se
1087 299 1246 336 circinat
1274 298 1411 336 orbem

419 360 639 399 Verticibus
668 374 783 412 super
811 369 1008 400 astantem.

311 439 387 485 634
408 437 592 486 praecidit
606 439 714 475 etiam
735 437 822 476 Cus.
839 439 1000 488 procidit
1021 439 1194 477 Vossianz'
1207 439 1311 477 ambo
1332 441 1408 488 635
1430 439 1508 485 hozp
1535 440 1648 479 Voss.2

253 515 322 551 quo
351 503 554 552 compendio
577 504 656 540 siue
678 503 781 541 horis
807 506 884 541 sz'ue
913 503 1050 543 horum
1078 506 1245 542 indicari
1256 510 1406 554 poterat
1428 507 1502 553 637
1525 513 1647 544 mutat

252 569 359 605 etiam
374 568 581 617 Lipsiensis
600 569 743 607 mutaT
763 569 851 607 Cus.
866 575 1017 608 mutans
1038 570 1069 616 b,
1083 577 1222 607 nutans
1246 570 1369 616 Voss.¹,
1385 577 1513 608 astans
1535 570 1648 609 Voss.²

251 633 527 682 quodfhrtasse
538 634 631 683 fuit
646 646 814 684 arquans
833 635 910 672 siue
928 648 1057 672 arcum
1073 636 1237 684 faciens,
1259 636 1407 672 etiamsi
1427 636 1470 672 id
1492 636 1646 673 uocabu-

251 699 327 735 lum
347 699 514 735 latinitas
533 700 682 748 respuit.
740 699 845 737 Hinc
864 706 1017 738 mutans
1038 699 1194 738 Iacobus
1285 712 1352 738 seu
1372 701 1508 737 codices
1526 713 1646 738 omnes

251 775 321 801 ceu
340 764 391 801 ed.
412 763 574 801 Molz‘nz'z·
588 777 679 801 narn
704 777 770 802 seu
789 765 874 814 quis
894 764 1096 803 Bentleius.

303 828 412 866 Duos
449 828 540 866 dicit
578 829 741 867 circulos
783 829 1042 868 Meridianum
1081 838 1118 868 et
1162 831 1379 869 Horizonta
1396 843 1404 868 :
1449 831 1545 868 alter
1586 837 1644 869 est

250 891 502 933 Meridianus.
557 894 620 932 Ad
648 907 729 933 rem
757 895 918 945 quadrat
947 896 1092 945 optime
1122 895 1298 934 Macrob.
1328 896 1365 933 S.
1397 895 1434 933 S.
1459 896 1481 933 i.
1507 905 1567 944 15.
1596 898 1642 934 16

248 958 491 997 Illeridianus
509 964 561 997 est
577 962 671 997 enim
687 974 788 1010 quem
807 961 863 998 sol
878 973 958 998 cum
977 968 1088 1011 super
1102 961 1287 998 hominum
1304 962 1471 998 uerticem
1492 962 1641 1006 uenerit,

248 1026 366 1073 ipsum
398 1026 488 1062 diem
518 1026 673 1063 medium
703 1026 883 1076 efficiendo
906 1027 1101 1075 designat:
1132 1032 1166 1063 et
1192 1028 1279 1075 quia
1301 1026 1503 1075 globositas
1521 1030 1644 1063 terrae

246 1090 484 1128 habitationes
502 1093 662 1128 omnium
682 1093 848 1141 aequales
866 1093 942 1130 sibi
956 1105 1028 1129 esse
1047 1104 1117 1129 non
1138 1093 1299 1141 patitur,
1321 1105 1392 1129 non
1411 1093 1529 1129 eadem
1546 1098 1642 1140 pars

245 1157 341 1193 caeli
364 1157 522 1194 omnium
552 1158 719 1194 uerticem
746 1158 917 1206 despicit:
945 1162 978 1194 et
1004 1158 1078 1194 ideo
1101 1170 1198 1194 unus
1226 1157 1389 1194 omnibus
1409 1158 1642 1194 meridianus

244 1234 317 1258 esse
335 1234 406 1258 non
420 1223 563 1270 poterit,
582 1223 647 1259 sed
660 1223 821 1272 singulis
835 1223 1006 1272 gentibus
1025 1229 1134 1273 super
1153 1223 1320 1260 uerticem
1339 1235 1446 1259 suum
1458 1224 1640 1272 proprius

245 1287 475 1325 meridianus
493 1287 659 1337 efficitur.

298 1351 470 1389 Dubium
487 1359 614 1402 potest
633 1352 763 1390 haberi
784 1359 936 1391 rectene
957 1352 1087 1390 Voss.²
1107 1353 1210 1390 horis
1231 1352 1278 1403 (si
1299 1353 1420 1390 modo
1440 1358 1497 1390 est
1517 1350 1638 1401 horis)

243 1417 437 1454 tradiderit
457 1418 495 1455 in
513 1420 560 1466 63
568 1428 602 1471 5,
617 1430 667 1455 an
687 1425 852 1468 praestet
864 1418 902 1455 id
916 1418 1022 1468 quod
1036 1418 1151 1455 habet
1163 1418 1317 1455 Gembl.
1327 1430 1415 1455 cum
1432 1417 1585 1468 reliquis
1599 1424 1638 1455 et

244 1482 403 1520 Cusano
415 1484 556 1520 horam.
578 1483 675 1520 Mihi
688 1495 768 1521 non
780 1490 922 1521 temere
938 1496 1063 1533 neque
1079 1495 1146 1532 per
1161 1495 1328 1520 errorem
1339 1481 1465 1520 *horis
1478 1483 1636 1520 inlatum

242 1547 400 1586 uidetur.
457 1547 561 1586 Nam
589 1549 821 1586 meridianus
849 1549 959 1598 quasi
979 1549 1119 1585 trutina
1138 1548 1252 1585 horas
1273 1548 1409 1586 diuidit
1429 1547 1636 1597 aequaliter

242 1619 390 1650 sextam
419 1613 612 1660 notando;
643 1614 751 1664 quod
779 1614 872 1663 quid
900 1621 957 1651 est
986 1613 1089 1651 aliud
1118 1626 1235 1662 quam
1264 1618 1411 1651 sextam
1440 1614 1638 1651 examinat

241 1679 373 1716 horis?
399 1678 460 1716 Sic
473 1679 575 1716 enim
588 1679 692 1717 horis
705 1678 870 1730 (datiuo)
883 1679 923 1716 fit
939 1679 977 1716 in
991 1679 1068 1716 duo
1082 1679 1240 1716 dimidia
1254 1677 1294 1730 (6
1312 1689 1339 1716 ><
1355 1677 1392 1728 2)
1409 1678 1634 1716 distributio.

242 1743 333 1782 Hoc
353 1744 476 1792 magis
496 1756 543 1781 ex
565 1743 715 1783 Manilii
736 1756 866 1781 more:
901 1743 992 1781 illud
1019 1744 1179 1788 facilius,
1200 1751 1240 1781 ut
1260 1744 1390 1780 horam
1411 1755 1632 1782 accommo-

241 1808 328 1846 date
354 1809 438 1858 quis
458 1809 507 1847 ad
526 1813 670 1847 sextam
692 1809 865 1847 intulerit.
923 1809 999 1846 Sed
1024 1809 1200 1847 nondum
1229 1809 1317 1846 satis
1348 1821 1408 1846 res
1433 1809 1633 1858 explorata

239 1880 319 1913 est:
352 1875 421 1912 etsi
442 1875 546 1912 enim
574 1874 621 1912 de
651 1874 808 1913 Cusano
839 1880 1000 1920 constat,
1030 1874 1244 1923 pleniorem
1274 1874 1448 1911 notitiam
1478 1874 1632 1912 aliunde

241 1939 426 1977 desidero.
464 1939 555 1985 Ha,
577 1940 609 1977 si
633 1944 778 1977 mutans
798 1939 1048 1990 assumpseris
1068 1952 1114 1976 ex
1136 1939 1263 1976 Voss.¹
1285 1946 1321 1976 et
1340 1940 1372 1984 b,
1393 1939 1462 1977 erit
1489 1942 1497 1957 ‘
1512 1946 1548 1977 et
1569 1939 1631 1978 hic

241 2003 418 2054 quidem’
439 2004 566 2042 locum
587 2017 740 2054 semper
766 2013 918 2042 mutans
938 2005 976 2041 in
997 2005 1115 2049 caelo,
1137 2005 1167 2041 si
1188 2008 1306 2041 mutat
1332 2017 1378 2042 ex
1409 2004 1629 2042 melioribus

240 2070 393 2108 Gembl.
406 2069 510 2119 Lips.
527 2070 629 2115 Cus.,
650 2070 752 2107 idem
773 2070 840 2108 sed
860 2070 997 2108 clarius
1018 2070 1256 2118 significabit,
1273 2076 1458 2119 tanquam
1480 2082 1629 2107 nouum

239 2135 425 2173 inducens
449 2135 487 2172 id
506 2148 584 2184 quo
604 2136 837 2173 meridianus
866 2147 889 2172 a
917 2135 1120 2184 praedictis
1140 2135 1290 2172 circulis
1311 2135 1558 2172 discernitur:
1587 2141 1629 2172 ut

240 2200 430 2239 Macrobii
450 2201 578 2238 uerbis
594 2208 688 2247 utar,
703 2214 797 2238 unus
812 2201 975 2238 omnibus
992 2201 1218 2237 meridianus
1232 2213 1304 2237 esse
1322 2213 1393 2237 non
1408 2202 1553 2248 poterit,
1567 2202 1631 2237 sed

235 2267 398 2316 singulis
406 2267 576 2315 gentibus
594 2274 703 2315 super
717 2268 884 2303 uerticem
903 2279 1008 2303 suum
1015 2267 1199 2315 proprius
1214 2266 1442 2302 meridianus
1460 2266 1625 2315 efficitur.

240 2331 338 2370 Mox
367 2344 428 2368 seu
456 2333 494 2369 si
516 2333 600 2380 quis
619 2331 816 2378 Molinius,
838 2339 879 2369 ut
899 2331 1057 2376 uidetur,
1079 2331 1116 2367 in
1137 2344 1198 2367 ceu
1226 2332 1263 2368 si
1286 2331 1369 2379 quis
1395 2331 1623 2368 emendauit.

240 2397 338 2435 Sane
360 2397 557 2435 Lucretius
578 2397 623 2434 iv.
647 2399 831 2445 617-619
854 2397 1001 2446 scripsit
1022 2397 1218 2446 Principio
1235 2409 1363 2433 sucum
1390 2397 1563 2433 sentimus
1583 2398 1624 2433 in

235 2476 307 2509 ore,
322 2463 438 2500 cibum
452 2476 532 2500 cum
547 2462 762 2500 Mandendo
780 2463 1038 2512 exprimimus,
1052 2475 1113 2499 ceu
1124 2462 1273 2510 plenam
1295 2463 1486 2510 spongiam
1507 2463 1626 2511 aquai

338 2595 355 2615 *
380 2595 583 2638 Compendio
600 2595 660 2626 illo
677 2595 865 2636 plerumque
882 2595 940 2634 ris,
958 2605 1199 2636 nonnumquam
1217 2605 1293 2626 rum
1311 2593 1520 2635 significatur.
