1786 2878
244 131 326 186 236
622 137 692 169 AD
723 137 823 168 ARA
832 137 929 169 TEA
966 136 1258 168 GERMANJCJ

241 250 506 295 permutentur
533 243 572 281 in
602 244 811 291 codicibus,
841 244 965 282 sciunt
993 256 1153 281 omnes:
1188 243 1242 281 sic
1263 242 1401 281 Catull.
1421 242 1507 280 lxiv.
1534 245 1633 292 183:

243 312 298 349 sic
319 309 433 349 Ouid.
455 309 548 348 Met.
571 310 604 346 ii.
626 319 701 358 572
747 311 863 347 uenlz‘s
883 309 967 348 cod.
994 309 1102 346 Harl.
1128 319 1242 357 2710,
1266 310 1372 346 lentis
1399 308 1634 347 Marcianus.

299 384 377 425 270
407 374 513 421 Quin
541 375 655 412 etiam
686 374 766 424 lyra
796 374 993 412 Mercurio
1023 374 1161 412 dilecta
1190 374 1354 411 deorum

406 439 658 478 Plurimulum
688 446 867 490 acceptae
897 440 1014 490 prohs
1044 439 1154 477 caelo
1184 439 1278 477 nitet
1307 446 1397 476 ante
1425 438 1560 476 labore

406 505 611 543 Deuictam
640 505 819 555 effigiem.

297 569 403 610 Arat.
427 573 501 608 268

407 639 460 673 καὶ
487 637 591 684 χέλυς
618 636 667 682 ἥτ’
697 636 808 684 ὀλίγη·
837 637 898 682 τὴν
926 635 956 671 δ’
984 635 1038 683 ἆρ’
1069 638 1117 672 ἔτι
1147 637 1200 672 καὶ
1227 636 1319 682 παρὰ
1346 635 1451 684 λίκνῳ

406 703 561 750 Ἐρμείης
588 703 740 750 ε’τόρησε,
772 701 882 748 Λύρην
910 703 948 737 δέ
973 718 1030 748 μιν
1057 701 1130 739 εἶπε
1158 703 1333 750 λέγεσθαι,

407 768 497 803 καδδ’
527 769 623 804 ἔθετο
650 769 879 815 προπάροιθεν
906 768 1068 805 ἀπευθέος
1097 768 1249 803 εἰδώλοιο

407 834 550 880 οὐρανὸν
577 833 779 881 εἰσαγαγών.

244 898 503 937 Plurimulum
543 898 738 947 Hauptius
776 897 938 935 correxit
984 897 1023 935 in
1071 896 1252 944 Multum,
1292 896 1550 935 Baehrensius
1598 896 1638 933 in

245 964 475 1002 Plurimum.
521 963 628 1001 Arati
656 963 775 1000 uerba
803 970 956 1001 secutus
988 963 1078 999 καδδ’
1103 965 1198 999 ἔθετο
1225 965 1454 1011 προπάροιθεν
1478 963 1640 999 ἀπευθεός

245 1031 400 1066 εἰδώλοιο
430 1030 582 1076 οὐρανὸν
611 1029 814 1076 εἰσαγαγών,
837 1040 991 1065 uersum
1025 1036 1250 1077 corruptum
1279 1029 1333 1066 sic
1363 1035 1522 1066 conatus
1553 1039 1640 1064 sum

245 1093 451 1132 emendare
471 1093 511 1130 in
530 1093 637 1131 Diar.
659 1092 791 1130 Philol.
813 1092 994 1130 Cantabr.
1014 1093 1060 1130 vi.
1090 1102 1163 1140 272

409 1158 563 1196 Lumen
593 1158 732 1208 adepta
763 1158 877 1196 trahit
906 1158 1014 1196 caelo

247 1224 292 1263 cf.
317 1233 394 1272 570
417 1226 590 1273 nullaque
611 1236 691 1261 nox
710 1224 766 1261 bis
790 1228 896 1260 terna
922 1225 1045 1261 minus
1074 1224 1170 1260 caelo
1197 1224 1318 1260 trahil
1341 1228 1458 1260 astra.
1518 1222 1638 1259 Simili

248 1289 528 1339 significatione
554 1289 681 1326 Schol.
704 1288 925 1327 Strozziana
948 1301 984 1338 p.
1011 1302 1084 1335 144
1106 1288 1264 1338 Breysig
1290 1290 1390 1325 aries
1415 1289 1498 1326 dux
1521 1300 1640 1336 aquae

247 1356 467 1392 immortalis
487 1359 648 1391 mutatus
667 1359 721 1392 esl
736 1359 770 1391 el
785 1355 906 1391 caeli
919 1355 1072 1391 sidera
1091 1359 1350 1391 consecutus
1370 1359 1442 1391 est.

249 1417 464 1471 [Hauptius
489 1419 659 1457 llIullum
687 1424 831 1468 accepta
856 1420 982 1468 epulis,
1004 1419 1262 1457 Baehrensius
1282 1419 1498 1456 Plurimum
1518 1419 1641 1455 amiaz

246 1486 374 1536 epulis.
432 1485 529 1524 Mox
549 1485 746 1522 Deuz'clam
767 1485 1012 1523 Burmannus
1032 1491 1130 1523 recte
1151 1485 1190 1522 in
1209 1484 1401 1535 Desectam
1421 1480 1614 1535 mutauit]

305 1565 382 1601 310
415 1551 579 1600 Signum
607 1551 678 1589 erit
706 1551 885 1589 exoriens
916 1551 1030 1588 nobis
1059 1558 1141 1587 tum
1171 1558 1283 1588 nocte
1314 1562 1493 1599 suprema

415 1617 596 1666 Scorpios
625 1617 688 1654 ille
717 1617 833 1654 micat
863 1628 980 1666 supra
1008 1615 1103 1653 freta
1131 1616 1284 1654 caerula
1314 1615 1449 1654 cauda.
1479 1658 1481 1660 ,

413 1683 633 1732 Insequitur
660 1683 789 1731 grauis
819 1694 930 1720 arcus
960 1689 997 1720 et
1026 1682 1064 1719 in
1093 1681 1241 1720 caelum
1270 1682 1394 1731 magis
1423 1681 1513 1719 exit.

413 1748 529 1785 Tunc
559 1748 633 1785 alte
664 1747 867 1796 Cynosura
896 1747 1000 1784 redit.

306 1814 382 1852 Pro
419 1815 533 1850 mz'cal
566 1813 802 1862 reposuerim
841 1813 991 1849 micante
1029 1813 1170 1849 amissa
1202 1825 1219 1849 e
1251 1824 1298 1849 ex
1333 1813 1470 1848 micdle.
1529 1811 1642 1848 Certe

251 1881 281 1917 si
307 1879 529 1917 Germanici
557 1890 691 1915 uersus
720 1878 814 1914 inter
843 1890 883 1914 se
913 1878 1156 1926 compararis,
1188 1877 1318 1915 nescio
1342 1878 1434 1926 quid
1464 1884 1578 1914 tenue
1607 1883 1644 1913 et

251 1945 350 1982 exile
380 1956 515 1982 sonare
544 1943 647 1981 istud
675 1944 735 1980 ille
763 1944 877 1979 micat
902 1950 1018 1992 supra
1045 1943 1242 1991 intelliges.
1300 1942 1446 1980 Contra
1473 1940 1646 1990 Scofpms

252 2011 312 2047 ille
340 2011 494 2047 micante
520 2015 636 2057 supra
654 2009 768 2058 fresa
800 2009 950 2045 caerula
979 2009 1098 2045 cauda
1128 2008 1302 2045 uiuidum
1331 2015 1367 2045 et
1397 2007 1446 2044 ad
1477 2007 1643 2056 ingentis

253 2075 353 2125 signi
372 2074 677 2124 magnitudinem
702 2073 991 2122 exprimendam
1015 2074 1268 2123 aptissimum.
1326 2072 1423 2109 Mox
1444 2072 1549 2121 quod
1573 2073 1644 2108 alle

253 2141 411 2179 Grotius
442 2141 480 2177 in
518 2140 591 2176 allo
628 2139 800 2185 mutauit,
835 2139 967 2176 malim
1001 2139 1225 2176 aduerbium
1263 2138 1433 2183 retinere,
1468 2137 1520 2174 uti
1554 2137 1647 2174 dixit

255 2207 394 2244 Aratus
417 2207 492 2254 308
514 2207 623 2252 Τῆμος
645 2206 698 2240 καὶ
723 2205 856 2251 κεφαλὴ
883 2206 1134 2252 Κυνοσουρίδος
1161 2204 1276 2251 ἇκρόθι
1304 2205 1421 2240 νυκτὸς
1437 2202 1527 2249 ’Υψι
1555 2203 1648 2247 μάλα

254 2273 404 2319 τροχάει,
443 2270 548 2321 quod
585 2270 640 2307 sic
685 2269 798 2306 uertit
835 2269 908 2306 Ed.
948 2269 1062 2307 Poste
1096 2268 1234 2306 ‘Then
1271 2275 1337 2306 too
1375 2267 1437 2304 the
1471 2266 1569 2304 head
1608 2267 1653 2304 of

256 2338 457 2386 Cynosure
483 2336 522 2373 in
551 2335 612 2373 the
643 2341 710 2385 top
737 2334 782 2372 os
806 2333 868 2372 the
899 2334 1047 2385 nightly
1066 2334 1136 2384 sky
1156 2333 1393 2372 Culminates
1417 2333 1496 2382 just
1517 2331 1648 2370 before

256 2401 320 2440 the
340 2399 475 2439 dawn.’

316 2469 391 2516 316
969 2465 1085 2503 habet
1114 2463 1296 2501 miracula
1326 2462 1430 2500 nulla

405 2531 461 2590 *Si
492 2531 641 2571 caelum
671 2531 842 2569 ascendit
873 2531 976 2569 Iouis
1006 2531 1172 2580 armiger
1200 2529 1260 2567 hic
1291 2535 1419 2566 tamen
1450 2527 1622 2566 †ardum
