1786 2878
858 131 889 163 V
1485 126 1564 182 183

173 235 288 274 habet
315 236 477 274 tonantis
489 250 509 280 ;
547 248 638 273 nam
667 235 747 286 lyra
771 237 947 287 praesuta
977 237 1096 275 fuerat
1125 237 1206 276 siue
1236 239 1397 286 προοίμια
1430 245 1563 277 canta-

174 307 280 339 uerat
301 301 396 348 Ioui,
417 314 504 339 curn
525 302 556 339 is
576 303 625 339 ab
645 301 805 352 Orpheo
826 302 979 351 hymnis
999 303 1264 341 celebraretur.

226 366 303 404 Pro
336 368 558 416 sonitumque
574 368 710 418 ferens
743 367 936 405 Bentleius
970 373 1186 417 mentemque
1203 369 1311 419 seris
1341 370 1561 419 reponebat.

172 430 224 469 At
252 444 341 470 cum
366 446 494 470 sonum
521 432 699 470 Cusanus
729 439 907 481 praestet,
929 434 1145 483 scripserim
1175 434 1302 484 potius
1330 448 1565 484 somnumque

156 499 275 548 seris,
299 509 377 548 quo
406 505 567 547 pacatae
596 498 809 535 saeuiorem
838 499 1011 535 animum
1041 499 1264 548 deposuere.
1323 499 1564 538 Callistratus

172 562 417 612 (Ecphraseis
434 572 466 611 7,
484 576 520 612 p.
536 575 585 612 30
601 563 659 600 ed.
674 562 840 613 Kayser)
856 563 902 600 de
919 563 1091 601 leonibus
1105 565 1169 613 qui
1185 564 1341 613 Orphea
1357 565 1564 603 audiebant

170 635 384 676 canentem,
401 631 547 665 λεόντων
564 629 722 678 ἄτεγκτος
741 629 848 676 φύσις
867 631 951 677 πρὸς
969 630 1029 675 τὴν
1048 632 1208 678 ἁρμονίαν
1223 632 1451 676 κατηυνάζετο.

226 694 272 731 V.
295 706 373 742 330

333 770 439 809 Hinc
467 770 623 808 uenient
652 770 758 808 uocis
786 770 897 809 dotes
926 772 1175 821 †b0reaeque
1205 773 1378 811 sonantis

169 854 293 890 boreae
322 852 475 890 Gembl.
504 859 541 891 et
575 852 689 890 ceteri
724 859 872 902 praeter
901 852 1032 891 Voss.2
1062 854 1125 891 ubi
1167 861 1223 893 est
1260 855 1373 893 beree.
1432 855 1478 893 Id
1510 856 1560 894 Is.

170 918 331 957 Vossius
354 919 394 956 in
418 932 544 964 aurae,
566 919 661 955 alius
687 918 814 969 (Misc.
837 918 934 956 Obs.
956 918 1057 957 Nou.
1079 919 1101 956 i.
1122 932 1158 969 p.
1185 918 1275 970 116)
1298 920 1336 957 in
1364 921 1559 970 eborisque,

172 984 347 1034 Heringa
384 984 587 1023 Obseruat.
628 996 665 1033 p.
709 993 752 1032 71
796 984 835 1021 in
873 984 1088 1033 choreaeque
1126 986 1352 1023 immutabat
1363 998 1373 1032 ;
1423 987 1559 1025 melius

169 1050 379 1099 Pingraeus
417 1050 456 1087 in
496 1050 663 1096 chordae,
706 1050 813 1099 quod
851 1062 931 1088 non
969 1050 1134 1088 debebat
1174 1050 1341 1089 Iacobus
1380 1064 1451 1102 pro
1490 1064 1561 1091 suo

168 1116 374 1155 uenditare.

222 1181 428 1231 Ingeniose
455 1181 569 1218 etiam
598 1180 689 1218 illud
718 1181 928 1231 Pingraeus
948 1181 1052 1231 quod
1081 1183 1156 1230 338
1186 1181 1265 1219 Hic
1291 1183 1449 1220 destante
1476 1183 1561 1232 ζννα

167 1247 327 1284 mutauit
346 1247 385 1284 in
408 1246 475 1284 Sic
497 1248 653 1283 dictante
674 1248 769 1295 lyra,
790 1254 830 1284 ut
857 1246 908 1284 II.
929 1260 1002 1294 401
1030 1247 1147 1286 Nunc
1159 1248 1301 1297 fhedus
1323 1250 1437 1285 stellis
1464 1262 1562 1285 nunc

96 1353 100 1357 .
166 1317 200 1348 et
223 1313 441 1349 dictantibus
470 1313 561 1357 iras,
583 1312 651 1349 IV.
678 1321 747 1360 177
776 1312 944 1361 Quasque
973 1326 1037 1350 suo
1064 1313 1172 1349 dictet
1194 1314 1302 1361 szgrno
1331 1313 1562 1351 nascentibus

168 1383 275 1415 artes.
332 1378 465 1426 Itaque
495 1390 642 1415 nouum
670 1378 872 1416 exordium
902 1378 991 1416 facit
1020 1390 1042 1416 a
1072 1391 1162 1427 340.
1223 1377 1300 1416 Sed
1329 1391 1400 1428 age
1431 1379 1559 1417 locum

168 1450 290 1480 totum
312 1455 648 1492 recognoscamus.

223 1508 272 1546 V.
294 1511 370 1558 338
392 1521 475 1558 sqq.
496 1509 550 1546 sic
575 1508 703 1558 scripti
724 1514 812 1546 sunt
832 1508 871 1546 in
892 1508 1047 1547 Gembl.

329 1586 407 1623 Hic
438 1586 601 1623 distante
630 1585 709 1635 lyra
738 1598 826 1623 cum
855 1598 943 1635 pars
972 1585 1156 1623 uicesima
1185 1592 1296 1624 sexta

328 1651 534 1689 Chelarum
565 1658 694 1701 surget
723 1664 820 1701 quae
851 1663 994 1689 cornua
1023 1651 1135 1690 ducet
1163 1652 1212 1689 ad
1241 1658 1342 1690 astra

223 1730 300 1766 340
330 1717 449 1764 Quod
478 1717 633 1766 regione
662 1717 743 1766 pari
772 1717 835 1753 uix
865 1723 991 1766 partes
1021 1723 1111 1754 octo
1140 1717 1325 1755 trahentis

326 1783 406 1820 Ara
434 1782 560 1820 ferens
587 1782 705 1819 thuris
734 1782 851 1820 stellis
879 1782 1117 1819 imitantibus
1146 1782 1277 1831 ignem

327 1849 374 1885 In
402 1860 479 1898 qua
508 1848 637 1886 deuoti
666 1848 863 1897 quondam
894 1848 1065 1886 cecidere
1095 1848 1273 1896 gigantes

326 1912 410 1951 Nec
439 1913 542 1963 prius
570 1913 730 1950 armauit
758 1913 928 1951 uiolento
959 1913 1117 1950 fulmine
1147 1913 1323 1950 dextram

327 1979 499 2028 Iuppiter
527 1985 616 2016 ante
646 1979 739 2016 deos
769 1991 886 2029 quam
916 1979 1083 2016 constitit
1112 1978 1192 2028 ipse
1222 1979 1401 2017 sacerdos

220 2055 296 2094 345
329 2044 448 2091 Quod
476 2044 603 2094 potius
632 2043 777 2092 fingent
806 2051 911 2082 ortus
943 2056 1059 2094 quam
1089 2044 1232 2093 templa
1260 2044 1458 2082 colentes?

221 2130 296 2176 338
330 2127 435 2164 Hinc
464 2126 571 2176 Lz'ps.
607 2139 652 2163 m.
682 2132 754 2174 pr„
784 2125 941 2163 Iacobus
970 2131 1004 2163 et
1028 2125 1230 2163 Beelzertus
1259 2127 1299 2163 de
1326 2126 1388 2162 Ill.
1414 2126 1558 2165 llsanil.

164 2194 296 2229 emend.
318 2194 457 2229 ratione
480 2198 522 2241 p.
544 2193 605 2229 60.
670 2191 732 2228 Sic
763 2191 928 2229 dictante
957 2191 1038 2241 lyra
1066 2192 1284 2240 Pingraeus
1313 2204 1394 2228 cum
1423 2196 1559 2228 antece-

165 2259 328 2295 dentibus
373 2259 603 2306 coniungens.
680 2269 756 2304 339
802 2264 955 2306 surgent
1008 2256 1121 2295 Voss.2
1163 2257 1266 2294 ducit
1314 2256 1427 2295 Voss.2
1468 2256 1558 2294 Cus.

175 2323 323 2372 Is'terque
369 2336 498 2360 uersus
541 2324 631 2370 338,
671 2335 693 2370 9
736 2323 889 2370 spurius
935 2322 1083 2360 habitus
1129 2326 1182 2358 est
1226 2321 1400 2358 Bentleso.
1472 2333 1553 2369 340

166 2387 285 2433 Quod
327 2387 437 2425 Voss.1
469 2387 575 2434 Quid
607 2387 697 2425 Cus.
737 2386 849 2424 Voss?
880 2388 959 2437 pari
997 2387 1060 2424 uix
1103 2387 1192 2424 Cus.
1233 2387 1342 2424 Voss.l
1377 2387 1459 2435 puri
1494 2387 1557 2423 uix

167 2467 185 2490 0
216 2453 325 2501 pains
355 2452 384 2503 (?
398 2453 524 2504 pams)
564 2451 677 2490 Voss.2
708 2452 863 2501 regione
897 2452 1022 2502 Nepai
1058 2452 1230 2501 Scaliger
1262 2451 1398 2500 Nepae
1428 2451 1560 2500 Fczyus

166 2517 289 2555 Bentl.
310 2517 416 2556 Fert.
433 2519 518 2557 Con
539 2518 705 2567 regione.
764 2529 835 2565 341
861 2518 1094 2556 mutantibus
1124 2516 1236 2556 Voss.2
1288 2529 1364 2565 343
1387 2516 1558 2554 uiolenta
