1786 2878
508 136 578 167 AD
609 136 814 167 ARATEA
852 136 1142 168 GERMANJCI
1439 140 1519 183 239

181 247 259 286 505
559 243 745 275 crateram
774 236 901 274 leuem
930 237 1114 287 coruique
1144 236 1335 277 †ferentis

288 302 443 349 Vltima,

108 367 275 417 flrenlz‘s
294 369 355 405 uel
374 368 556 416 querentis
571 366 675 405 MSS
691 378 701 405 τ
716 366 895 416 fhrantz's
912 365 1019 418 Frey,
1036 367 1181 417 optime
1197 366 1246 405 ad
1262 368 1491 406 sententiam
1507 381 1517 415 3

123 433 192 470 sed
221 433 322 471 idem
350 433 509 483 propius
537 433 587 471 ad
615 433 824 470 litterarum
853 433 990 470 ductus
1019 432 1295 482 significabitur
1319 433 1347 470 si
1371 436 1517 471 terentis

123 498 328 548 scripseris.
381 499 620 548 Fingebatur
642 498 780 547 Hydra
800 498 992 536 sustinens
1011 498 1051 534 in
1071 498 1188 536 dorso
1209 511 1370 537 coruum
1391 507 1517 538 rostro

121 576 264 613 corpus
283 564 365 602 eius
385 564 611 602 tundentem
634 562 798 614 (Hygin.
819 563 860 600 P.
876 563 923 600 A.
944 563 993 600 iii.
1016 561 1095 614 39).

178 639 256 678 543
287 629 346 667 Te
367 642 534 680 quoque,
554 629 759 667 fecundam
786 635 946 666 meteret
973 641 1062 666 cum
1090 630 1308 668 cornminus
1335 630 1514 681 Hydram

283 696 449 742 Alcides,
481 708 617 733 ausum
646 707 780 733 morsu
810 696 1033 744 contingere
1063 695 1202 735 †bello

286 761 417 799 Sidere
446 761 616 807 donauit,
647 760 810 808 Cancer,
844 760 1019 798 Saturnia
1047 761 1160 799 Iuno.

176 825 282 865 Male
304 827 466 865 Orellius
496 827 581 864 bello
610 827 649 864 in
677 827 796 864 chelae
824 828 1008 873 mutabat,
1030 827 1166 865 melius
1195 827 1235 864 in
1265 828 1338 865 talo
1365 828 1512 867 amicus

120 891 278 931 Orellii:
308 894 401 930 talos
419 899 549 930 tamen
570 893 825 942 praetulerim.

173 958 236 995 An
252 965 355 996 recte
371 958 550 995 traditum
566 965 622 996 est
637 958 724 995 bello
739 959 855 995 sidere
869 960 890 995 ,ν’
909 957 1019 1007 quasi
1036 959 1302 1007 ὑποκοριστικῶς
1316 958 1512 998 Cancrum

118 1023 398 1073 adloqueretur.
437 1022 589 1062 Cancer
604 1024 707 1061 enirn
729 1035 816 1061 cum
838 1035 919 1061 non
934 1024 1077 1061 bellurn
1098 1024 1239 1061 animal
1260 1024 1327 1062 sed
1347 1025 1512 1063 informe

117 1096 155 1127 et
181 1102 303 1139 paene
329 1089 528 1126 ridiculum
550 1090 606 1135 sit,
629 1101 708 1126 non
730 1090 810 1127 sine
832 1090 954 1128 ironia
975 1090 1143 1141 quadam
1169 1090 1304 1128 dicitur
1322 1091 1361 1129 in
1388 1091 1512 1129 sidere

116 1155 251 1193 saltem
272 1155 596 1205 pulchritudinem
616 1161 847 1193 consecutus
867 1167 962 1193 esse.

171 1222 247 1269 613
278 1221 494 1270 Delphinus
523 1222 626 1258 notis
655 1221 731 1258 iam
761 1227 843 1258 tum
872 1221 1067 1259 deflexerit
1097 1221 1221 1267 undis,

277 1287 328 1324 Et
357 1287 436 1336 lyra
465 1286 575 1324 dulce
607 1298 764 1331 sonans,
795 1293 832 1323 et
862 1286 1027 1324 flammis
1056 1287 1181 1324 cincta
1210 1287 1359 1337 sagitta,

275 1351 325 1389 Et
353 1352 489 1389 niueus
519 1363 665 1401 cygnus
695 1352 904 1400 properarit
934 1358 1090 1401 tangere
1120 1352 1269 1398 fluctus,

276 1417 449 1467 Vtraque
478 1429 607 1466 penna
636 1417 797 1463 uolans3
848 1417 1013 1454 caudam
1042 1417 1237 1455 uix.lucet
1266 1417 1316 1456 ad
1345 1418 1480 1468 ipsam.

114 1483 257 1533 Aperte
311 1484 364 1521 sic
415 1483 708 1531 distinguendus
761 1489 840 1520 erat
892 1495 929 1521 u.
981 1484 1069 1520 616.
1141 1483 1353 1529 Quomodo
1402 1486 1506 1523 enim

112 1561 265 1598 pennae
299 1554 476 1586 extentae
506 1548 654 1598 possint
683 1548 809 1585 lucere
839 1548 878 1584 in
907 1549 1145 1586 extremitate
1175 1550 1378 1588 caudae?
1407 1564 1506 1600 quae

111 1614 259 1652 uolanti
298 1626 425 1664 cygno
464 1613 654 1651 diuersam
699 1620 846 1662 partem
885 1614 1057 1662 corporis
1096 1615 1255 1652 obtinet.
1318 1615 1369 1652 At
1408 1617 1507 1654 bene

112 1680 247 1717 dicitur
280 1692 429 1729 cygnus
462 1691 670 1729 properare
701 1686 861 1728 utraque
895 1691 1025 1728 penna
1060 1680 1141 1717 siue
1180 1680 1239 1718 ala
1276 1681 1432 1719 uolante
1470 1690 1507 1720 et

110 1747 150 1783 in
169 1745 342 1782 uolatum
362 1745 473 1782 data:
507 1745 581 1782 hoc
605 1745 658 1782 sic
685 1744 901 1781 enuntiauit
922 1744 1180 1782 Germanicus
1201 1752 1241 1782 ut
1263 1747 1505 1785 nominatiuo

113 1810 269 1860 Cygnus
288 1810 448 1848 alterurn
470 1810 754 1848 nominatiuum
781 1816 903 1858 penna
924 1810 1135 1860 adponeret
1152 1823 1160 1847 :
1191 1811 1372 1849 nimirum
1392 1814 1508 1851 totius

110 1876 271 1915 subiecti
290 1889 428 1925 qygnus
451 1888 540 1926 pars
561 1882 618 1913 est
637 1883 775 1925 penna.

166 1944 242 1990 632
964 1953 1052 1979 cum
1084 1941 1267 1991 Scorpius
1295 1942 1373 1981 exit

272 2006 357 2044 Iam
385 2006 475 2044 totis
499 2006 619 2044 radiat
645 2006 826 2044 membris
846 2007 1064 2045 miserabile
1085 2007 1190 2045 sidus
1212 2006 1489 2060 (Engonasin.)

271 2072 322 2110 At
351 2084 440 2110 cum
469 2077 619 2109 tantum
648 2072 751 2117 abiit,
782 2078 968 2122 quantum
998 2072 1100 2122 Lyra
1130 2074 1248 2122 surgit
1278 2075 1327 2111 ab
1355 2075 1483 2122 undis,

164 2140 242 2188 635
274 2138 412 2187 †Argo
442 2137 537 2186 sipia
566 2149 636 2175 suo
666 2137 773 2175 caelo
802 2137 983 2175 referetur
1012 2139 1142 2188 imago

272 2203 504 2253 Imperfecta
534 2202 630 2240 redit
659 2203 767 2240 caelo
796 2209 877 2240 tum
906 2210 986 2241 tota
1016 2216 1160 2243 corona

268 2269 320 2306 Et
348 2269 494 2307 Chiron
524 2268 608 2318 pius
638 2268 687 2306 ad
717 2268 880 2306 caudam
909 2270 1157 2318 cognoscitur
1186 2270 1316 2310 imam.

161 2334 265 2373 Arat.
288 2336 366 2372 620

269 2402 379 2438 Αὐτὸς
406 2400 435 2435 δ’
463 2401 498 2437 ἐς
526 2401 678 2447 κεφαλὴν
705 2401 754 2435 ἔτι
781 2416 847 2437 που
870 2401 1096 2448 τετραμμένος
1123 2402 1214 2447 ἄλλῃ

268 2468 433 2513 Σκορπίον
461 2466 670 2501 ἀντέλλοντα
688 2466 778 2511 μένει
801 2467 854 2501 καὶ
882 2466 1008 2514 ῥύτορα
1035 2468 1154 2511 Τόξου.

270 2533 312 2566 Οἱ
340 2531 404 2579 γάρ
432 2547 488 2577 μιν
516 2533 716 2578 φορέουσιν,
746 2533 763 2565 ὁ
791 2532 852 2577 μὲν
880 2533 986 2578 μέσον
1015 2533 1104 2567 ἄλλα
1133 2547 1170 2567 τε
1199 2532 1318 2577 πάντα,
