1786 2878
292 177 322 216 4
707 175 904 207 NOCTES
931 175 1263 207 MANJLIANAE

346 291 377 330 Ι.
402 294 488 337 162,
512 304 532 341 3
556 292 610 331 sic
632 293 756 331 traditi
777 300 864 331 sunt
884 293 923 330 in
941 292 1095 331 Gembl.

456 357 624 407 Quoque
653 359 778 407 magis
807 371 922 408 puras
951 358 1090 397 humor
1120 359 1276 397 secessit
1306 359 1345 397 in
1375 358 1498 397 undas

456 423 507 460 Et
536 424 676 461 siccata
705 424 827 473 magis
858 431 1075 461 struxerunt
1104 436 1274 474 aequora
1304 432 1455 462 terram.

291 488 452 527 Saecula
473 488 616 526 Munro
637 489 686 527 ad
707 488 822 527 Lucr.
843 502 875 526 v.
899 491 974 537 487
1003 489 1042 526 T
1035 502 1095 526 am
1125 491 1246 539 magis
1275 497 1472 539 expressus
1498 491 1621 528 salsus
1649 490 1691 527 de

290 562 439 604 corpore
457 555 570 591 sudor
581 554 755 603 Augebat
767 568 869 591 mare
884 555 1068 591 manando
1083 563 1294 604 camposque
1305 557 1479 601 natantis,
1494 556 1558 604 qui
1575 556 1690 594 etiam

289 624 518 658 struxerunt
543 620 671 669 potius
698 632 816 670 quam
836 621 1084 667 slrz'nxcrunl‚
1099 621 1204 670 quod
1225 620 1368 658 habent
1389 621 1582 667 Vossiani,
1597 623 1689 659 scri-

291 686 463 723 bendum
481 687 674 723 censebat.

346 751 376 789 Ι,
401 763 490 796 202,
514 764 536 799 3

507 815 577 853 Est
606 816 719 866 igitur
747 816 857 854 tellus
885 816 1055 854 mediam
1086 816 1216 854 sortita
1244 828 1450 854 cauernam

507 881 619 919 Aeris
648 888 685 920 et
714 889 795 920 toto
825 883 965 931 pariter
995 882 1145 919 sublata
1173 882 1374 931 profundo.

343 946 420 984 Pro
448 952 481 984 el
507 947 612 996 quod
647 948 813 985 seruauit
842 948 1018 993 Iacobus,
1049 947 1244 985 Bentleius
1276 947 1447 985 ediderat
1475 960 1502 985 e.
1559 947 1686 997 Scrip-

288 1013 401 1050 serim
429 1026 479 1051 ex
509 1019 550 1050 ut
582 1013 697 1051 etiam
730 1013 760 1051 Ι.
792 1015 869 1060 428
899 1026 949 1051 ex
981 1018 1093 1062 rupta
1127 1018 1245 1050 maire
1272 1018 1412 1050 creatos
1440 1014 1506 1051 ubi
1535 1013 1686 1051 codices

287 1090 424 1116 omnes
443 1083 484 1125 et,
505 1078 700 1116 Bentleius
720 1093 736 1116 e
756 1079 870 1125 dedit,
894 1080 971 1125 864
992 1078 1181 1116 Imbribus
1199 1091 1250 1116 ex
1270 1080 1396 1116 mediis
1416 1078 1554 1130 (Bentl.
1575 1077 1620 1129 e).

340 1144 372 1181 Ι.
396 1157 580 1191 211-214
602 1145 655 1183 sic
676 1151 807 1182 extant
826 1145 866 1182 in
888 1144 1039 1183 Gembl.

397 1210 507 1247 Haec
536 1217 690 1248 aeterna
718 1217 848 1248 manet
878 1210 1054 1260 diuisque
1084 1209 1276 1248 simillima
1304 1209 1441 1256 forma,

397 1274 471 1312 Cui
500 1287 626 1324 neque
655 1276 887 1325 principium
917 1282 974 1313 est
1003 1287 1179 1325 usquam,
1210 1288 1281 1313 nec
1311 1275 1398 1313 finis
1427 1276 1467 1313 in
1496 1276 1581 1326 ipso

396 1340 472 1378 Sed
496 1341 629 1379 similis
658 1348 740 1379 toto
769 1348 943 1379 remanet
971 1353 1118 1391 perque
1147 1341 1280 1378 omnia
1308 1353 1377 1390 par
1405 1348 1474 1379 est.

394 1406 457 1444 Sic
485 1406 601 1444 stellis
630 1406 844 1456 glomerata
877 1414 1036 1444 manent
1066 1406 1332 1457 mundumque
1362 1407 1538 1456 figurant.

339 1471 432 1510 Non
456 1479 512 1509 est
541 1484 608 1510 cur
633 1473 738 1509 tellus
761 1472 822 1510 hic
845 1484 916 1521 pro
940 1473 1054 1509 stellis
1079 1472 1278 1510 scribatur.
1335 1472 1548 1522 Postquam
1578 1472 1682 1510 enim

284 1537 379 1575 dixit
393 1545 515 1576 terrae
535 1537 742 1576 rotundam
762 1538 930 1587 speciem
948 1549 1043 1584 esse,
1060 1537 1164 1575 idem
1178 1550 1226 1575 ex
1242 1537 1421 1575 uniuersa
1437 1545 1572 1575 natura
1588 1551 1682 1576 con—

283 1603 409 1641 firmat
423 1601 646 1655 (206—208)
660 1603 766 1640 Haec
780 1608 833 1640 est
845 1607 1001 1640 naturae
1003 1604 1143 1652 facies,
1158 1605 1212 1639 sic
1227 1604 1385 1640 mundus
1399 1608 1433 1640 el
1445 1605 1520 1652 ipse
1534 1602 1583 1639 In
1599 1616 1680 1640 con-

283 1682 384 1707 uexa
400 1671 530 1706 uolans
544 1674 664 1706 lereles
669 1670 779 1718 facit
791 1682 863 1706 esse
865 1669 1025 1718 figuras
1038 1667 1240 1706 Slellarum
1253 1682 1266 1705 .·
1286 1668 1374 1706 dein
1391 1669 1512 1706 solem
1530 1668 1681 1705 lunam-

284 1747 359 1785 que
379 1734 483 1773 addit
504 1734 727 1785 (208—210)
747 1749 754 1772 :
776 1741 973 1784 postremo
993 1746 1041 1771 ex
1062 1733 1247 1783 sphaerae
1267 1733 1390 1783 figura
1410 1740 1680 1783 argumentum

282 1800 397 1847 ducit,
429 1812 528 1850 quae
562 1812 651 1838 cum
682 1800 763 1838 sine
796 1799 985 1849 principio
1014 1811 1060 1836 ae
1089 1799 1165 1837 fine
1199 1799 1257 1843 sit,
1287 1799 1386 1836 diuis
1412 1799 1602 1836 simillima
1632 1811 1678 1836 ac

283 1865 413 1903 diuina
442 1865 638 1904 habeatur.
694 1865 791 1902 Inde
811 1865 907 1902 redit
927 1864 976 1902 ad
997 1864 1135 1910 stellas,
1156 1876 1266 1913 quae,
1286 1870 1485 1914 tamquam
1513 1864 1677 1910 diuinae,

281 1931 570 1980 glomerabilem
600 1931 762 1968 formam
792 1930 945 1975 habent,
967 1935 1003 1967 et
1033 1930 1071 1966 in
1101 1929 1236 1966 mundi
1261 1930 1427 1978 speciem
1455 1929 1679 1978 figurantur.

283 1996 374 2033 Hoc
404 1996 508 2034 enim
537 1996 619 2034 uult
649 1996 845 2041 Manilius,
876 2007 957 2033 non
990 1995 1096 2045 quod
1130 1995 1297 2033 Iacobus
1333 1994 1471 2041 statuit,
1502 1994 1677 2032 tellurem

281 2073 391 2099 suam
423 2062 586 2111 figuram
625 2061 732 2100 caelo
771 2062 983 2111 imponere.
1039 2060 1177 2110 Itaque
1215 2072 1287 2109 pro
1321 2065 1470 2097 manent
1493 2060 1678 2109 figurant

280 2127 487 2176 legendum
518 2139 603 2165 reor
633 2132 754 2164 manet
780 2128 970 2177 figuram
1014 2127 1120 2176 quod
1149 2132 1186 2163 et
1214 2125 1382 2164 Iacobus
1411 2125 1511 2172 feeit,
1542 2126 1582 2162 in
1610 2125 1675 2163 illo

280 2199 411 2230 tamen
430 2193 615 2242 deceptus
635 2193 742 2243 quod
761 2194 875 2230 stellis
895 2204 976 2230 non
995 2192 1202 2230 retinuerit.

334 2258 364 2296 I.
389 2268 572 2307 215—217

443 2324 595 2362 Idcirco
624 2323 729 2361 terris
758 2335 839 2361 non
868 2324 1049 2362 omnibus
1077 2323 1209 2362 omnia
1239 2323 1347 2371 signa

448 2389 739 2439 Conspieimus:
770 2401 963 2439 nusquam
993 2389 1165 2426 inuenies
1190 2387 1333 2438 fulgere
1357 2387 1566 2437 Canopum

441 2455 579 2493 Donec
608 2455 777 2493 Niliacas
806 2468 875 2504 per
903 2462 1066 2504 pontum
1094 2454 1244 2491 ueneris
1273 2465 1373 2492 oras.

278 2520 429 2559 Vitruu.
446 2522 495 2558 ix.
516 2531 547 2569 7.
566 2534 587 2567 4
604 2520 733 2569 Ilaque
752 2534 873 2558 eorum
884 2521 1136 2569 figurationes
1147 2523 1300 2569 propler
1315 2519 1529 2556 obstantiam
1550 2522 1673 2556 terrae

279 2601 349 2624 non
368 2592 456 2624 sunl
471 2592 583 2633 nolae,
605 2587 717 2624 huius
745 2591 863 2624 aulaem
892 2587 951 2623 νεῖ
975 2587 1092 2624 index
1120 2590 1172 2623 est
1197 2585 1300 2622 stella
1326 2585 1478 2633 Canopi,
1501 2597 1592 2632 quae
1611 2584 1670 2622 his
1725 2637 1727 2639 q
