1786 2878
250 145 300 184 82
670 151 864 182 A'OCTES
893 150 1221 182 MANJLlAAtrE

302 255 372 293 ΙΙΙ.
398 267 576 292 120—122
602 254 654 292 sic
677 261 807 292 extant
828 255 865 291 in
886 253 1039 291 Gembl.

409 320 574 366 Quintus
604 320 784 369 coniugio
814 319 955 369 gradus
983 325 1038 356 est
1067 331 1133 368 per
1163 318 1271 367 signa
1299 317 1444 356 dicatus

408 385 459 423 Et
488 386 605 424 sotios
635 391 737 422 tenet
767 391 803 422 et
833 385 1058 423 comitantes
1086 383 1246 433 hospitis
1274 395 1351 421 una

409 450 582 500 Iungitur
611 457 648 487 et
677 450 808 488 similis
837 450 1076 499 coniungens
1104 449 1236 486 faedus
1266 449 1419 487 amicos.

305 528 380 553 120
401 516 560 553 ducatus
579 515 667 553 Cus.
716 528 785 552 121
810 515 859 553 Et
880 516 1005 553 socios
1025 522 1126 553 tenet
1146 522 1181 552 et
1201 514 1360 552 comites
1380 513 1540 563 hospitis
1559 525 1636 550 una

257 580 381 627 Voss.¹,
401 586 435 618 et
450 582 503 618 sic
527 580 613 619 Cus.
633 584 666 617 et
682 581 788 630 [ζῇς.
810 586 890 618 teste
909 580 1050 617 Iacobo.
1106 580 1156 617 Et
1182 580 1306 617 socios
1333 585 1437 616 tenet
1457 578 1635 616 comitem

247 645 403 695 hospitis
440 658 517 683 una
555 644 640 696 (sic)
687 645 799 683 Voss.2
854 645 904 683 Et
942 645 1068 683 socios
1109 651 1212 682 tenet
1249 651 1285 682 et
1322 644 1481 682 comites
1523 650 1636 693 atque

246 710 405 760 hospitis
423 724 499 749 una
518 711 538 748 b
550 724 569 748 0
586 724 636 749 ex
656 712 936 760 interpolatione.

301 775 428 815 Locus
448 789 495 814 ex
515 776 754 814 difficillimis.
813 776 1007 814 Bentleius
1027 775 1080 814 sic
1101 775 1314 824 corrigebat

408 841 458 879 Et
487 842 614 879 socios
642 847 746 879 tenet
776 848 813 879 et
840 848 1039 879 consortes
1068 840 1313 890 hospitiisque

408 906 594 957 Fungitur
623 914 659 944 et
688 907 829 945 similes
857 907 1054 955 coniungit
1082 905 1235 944 foedere
1264 905 1422 952 amicos,

247 983 317 1009 nec
347 972 396 1010 ad
425 972 559 1010 ductus
588 972 795 1010 litterarum
824 985 895 1011 nec
924 972 973 1009 ad
1000 972 1222 1021 prosodiam
1243 970 1392 1008 Manilii
1422 970 1509 1008 satis
1539 976 1636 1020 apte.

249 1036 450 1075 Stoeberus
471 1050 517 1075 ex
538 1037 622 1076 cod.
644 1037 815 1075 Parisino
835 1037 983 1075 reduxit
1003 1037 1041 1075 id
1062 1036 1167 1086 quod
1186 1049 1259 1086 ego
1281 1037 1319 1073 in
1341 1036 1361 1073 b
1375 1049 1393 1073 0
1412 1036 1542 1073 inueni

407 1102 457 1140 Et
486 1103 611 1140 socios
639 1108 742 1141 tenet
771 1109 807 1140 et
837 1103 996 1141 comites
1025 1109 1138 1152 atque
1168 1102 1328 1151 hospitis
1356 1113 1434 1138 una

407 1168 582 1217 Iungitur
610 1174 646 1206 et
675 1168 819 1206 similes
849 1168 1088 1217 coniungens
1116 1167 1252 1205 foedus
1280 1167 1437 1212 amicos,

246 1232 313 1270 sed
336 1245 407 1271 nec
427 1233 608 1282 Iungitur
634 1235 855 1283 coniungens
881 1241 1042 1283 possunt
1072 1233 1110 1269 in
1139 1232 1276 1270 eodem
1305 1243 1418 1269 uersu
1448 1237 1635 1275 constare,

246 1311 317 1336 nec
337 1311 471 1336 uerum
487 1306 543 1336 est
563 1299 653 1336 illud
673 1305 787 1347 atque,
805 1299 872 1337 sed
893 1298 1173 1348 interpolatum,
1190 1304 1231 1335 ut
1251 1298 1364 1334 mirer
1379 1297 1636 1334 Thomasium

246 1376 412 1414 quoque,
435 1365 545 1414 quasi
565 1365 736 1413 uestigiis
758 1364 1049 1402 Gemblacensis
1069 1364 1265 1409 insisteret,
1287 1367 1391 1411 atque
1410 1362 1635 1412 reposuisse,

246 1436 470 1479 sequentem
490 1442 645 1468 uersum
666 1430 719 1468 sic
740 1430 936 1467 refinxisse

406 1493 485 1531 Dat
513 1495 594 1532 iura
626 1501 663 1532 et
691 1495 832 1533 similes
862 1494 1102 1543 coniungens
1130 1493 1264 1532 foedus
1293 1493 1452 1530 amicos.

245 1559 409 1596 Iacobus
432 1560 492 1597 lu'c
519 1560 579 1598 uel
609 1560 672 1597 lzoc
700 1567 788 1597 ante
818 1561 969 1609 hospitis
997 1567 1099 1597 ratus
1128 1566 1184 1597 est
1214 1559 1413 1604 excidisse,
1436 1565 1476 1595 ut
1505 1564 1637 1595 tamen

245 1624 427 1673 Iungitur
445 1626 665 1674 coniungens
685 1626 921 1675 relinqueret.

302 1688 400 1726 Mihi
420 1689 601 1739 Iungitur
620 1690 823 1728 manifesto
853 1697 1074 1739 corruptum
1093 1689 1242 1728 uidetur
1260 1703 1269 1736 3
1290 1689 1358 1727 sed
1378 1688 1470 1738 quid
1490 1689 1562 1726 sub
1588 1700 1636 1725 eo

245 1755 371 1800 lateat,
392 1755 541 1793 haereo.
600 1755 750 1793 Poterat
779 1768 862 1793 esse
891 1755 1082 1792 Ducitur:
1110 1755 1170 1792 uel
1200 1754 1268 1792 Ius
1298 1755 1422 1791 datur.
1478 1753 1577 1791 Illud
1604 1753 1636 1791 si
1696 1798 1699 1800 .

247 1819 325 1866 fuit,
347 1820 564 1870 scripserim

905 1885 993 1923 hinc
1021 1885 1182 1934 hospitis
1211 1897 1288 1922 una

409 1948 578 1987 Ducitur
606 1957 643 1989 et
673 1950 815 1989 similes
845 1951 1084 2000 coniungens
1113 1950 1249 1988 foedus
1278 1950 1436 1996 amicos,

247 2014 320 2053 hoc
343 2015 373 2053 si
394 2015 598 2065 praeferas,

894 2081 979 2117 huic
1009 2080 1170 2130 hospitis
1198 2093 1275 2118 una

409 2143 478 2182 Ius
506 2146 620 2183 datur
647 2151 684 2183 et
713 2145 854 2184 similes
883 2146 1125 2195 coniungens
1154 2145 1289 2184 foedus
1318 2145 1473 2184 amicos.

301 2209 372 2248 111.
401 2213 488 2259 169.

408 2275 514 2325 Ergo
543 2287 615 2325 age
645 2288 693 2313 ne
724 2275 816 2313 falsa
845 2276 964 2314 uariet
992 2276 1166 2325 genitura
1194 2276 1328 2324 figura.

302 2342 417 2378 uaria
440 2341 592 2378 codices
613 2347 649 2378 et
674 2341 859 2379 editiones
886 2347 1069 2387 uetustae,
1090 2341 1205 2378 etiam
1226 2339 1439 2378 Moliniana
1459 2352 1492 2377 a.
1520 2350 1631 2388 1551.

248 2406 320 2444 nisi
336 2405 441 2455 quod
460 2419 558 2443 uara
578 2412 635 2443 est
654 2406 693 2442 in
709 2405 744 2441 V
747 2405 838 2443 oss.¹
897 2405 1049 2444 Primus
1069 2406 1107 2443 id
1127 2405 1261 2444 Carrio
1275 2406 1434 2443 correxit
1456 2406 1495 2442 in
1515 2407 1638 2442 uarz'et

249 2470 495 2520 Antiq.Lect.
510 2471 532 2507 i.
552 2481 596 2518 15
620 2471 831 2508 secundum
852 2470 923 2508 III.
948 2484 1021 2519 233
1044 2470 1123 2508 lVec
1142 2475 1320 2507 nocturna
1341 2472 1462 2507 minus
1482 2472 1637 2507 uariant

248 2550 356 2585 quam
372 2540 531 2585 tempora
561 2537 664 2573 lucis.
725 2535 815 2574 Hoc
837 2536 923 2574 ideo
947 2536 1330 2574 commemorandum
1351 2535 1440 2573 duxi
1461 2535 1565 2585 quod
1594 2536 1632 2572 in
