1786 2878
268 140 284 167 1
295 127 347 178 76
688 135 883 167 NOCTES
910 136 1241 168 MANJLJANAE

249 242 354 292 ficus
373 243 502 290 spz'nus
522 241 704 290 platanus
724 243 885 291 populus
903 244 1037 280 laurus
1047 244 1164 292 pinus
1171 244 1301 294 sagus
1320 243 1522 288 interdum,
1541 252 1654 294 prout

260 320 322 346 res
342 308 539 357 poscebat,
560 307 781 345 masculinis
801 309 1087 346 accensebatur.

314 371 362 409 V.
385 375 569 419 244-246
592 373 645 410 sic
666 379 796 410 extant
817 373 855 410 in
876 373 1031 411 Gembl.

799 450 870 476 nec
899 451 1013 488 parce
1041 438 1131 476 uina
1161 446 1313 488 recepta

422 503 583 541 Hauriet
614 504 820 544 †emiseris
849 512 886 542 et
915 505 1097 542 fructibus
1127 505 1208 554 ipse
1238 505 1387 542 sonetur

420 569 691 619 Gaudebitque
720 582 829 607 mero
858 578 1082 620 mergetque
1111 570 1150 607 in
1179 570 1319 619 pocula
1347 578 1528 608 mentem.

315 645 390 682 245
426 634 616 683 Hauriget
649 634 738 672 Cus.
812 635 985 685 frugibus
1023 634 1134 673 Voss)
1165 636 1184 673 b
1209 648 1228 673 ο
1302 635 1453 674 fouetur
1491 634 1599 674 Voss.¹
1629 636 1649 673 b

255 707 418 738 uouetur
437 713 456 737 0
511 699 655 738 fruetur
676 699 858 749 Scalsgrer.

309 765 568 804 Correxerunt
587 766 757 803 emz'scens
775 767 937 803 emz‘slrz‘s
961 767 1114 804 emessz's.
1154 766 1283 804 Credo
1305 766 1456 816 longius
1476 779 1498 804 a
1518 767 1647 806 litteris

255 831 437 868 codicum
467 831 600 868 abesse
631 830 737 880 quod
772 831 985 881 requiritur,
1015 833 1223 880 inuergens.
1296 831 1501 882 Proprium
1533 832 1571 870 id
1600 833 1647 871 de

253 897 472 934 bibentibus
511 896 576 945 qui
614 896 695 933 uini
738 903 903 934 crateras
938 897 1143 946 inuergunt
1182 897 1261 935 siue
1301 897 1487 935 inclinant
1524 898 1563 934 in
1601 910 1647 936 os

252 961 375 1000 Plaut.
403 962 515 1000 Curc.
548 962 569 999 i.
603 975 636 999 2.
671 974 730 1011 13.
798 962 985 1001 Disseruit
1017 962 1063 1000 de
1093 962 1168 1000 hoc
1199 962 1391 1001 uocabulo
1421 962 1647 1001 Gronouius

252 1028 292 1065 in
316 1027 519 1066 Obseruat.
547 1028 582 1065 ii.
612 1037 647 1076 7.
705 1027 974 1077 Corruptelam
1009 1040 1056 1065 ex
1088 1028 1317 1077 conpendiis
1350 1028 1557 1078 scripturae
1592 1029 1645 1066 sic

250 1093 409 1131 fortasse
450 1094 659 1144 expedies:
707 1094 848 1132 excidit
879 1093 1178 1143 suprascriptum
1208 1112 1232 1122 κ
1257 1091 1341 1145 (er),
1366 1107 1398 1143 g
1425 1094 1464 1130 in
1492 1107 1511 1131 s
1539 1094 1643 1140 abiit,

249 1172 274 1196 n
295 1160 334 1197 in
353 1161 402 1196 ri.

304 1224 352 1262 V.
376 1226 463 1271 260,
489 1227 560 1263 261
585 1226 639 1263 sic
659 1231 790 1263 extant
810 1225 848 1261 in
869 1223 1024 1262 Gembl.

413 1290 621 1328 Ceruleum
650 1291 748 1328 foliis
778 1290 990 1327 uiridcmue
1019 1290 1059 1327 in
1088 1289 1262 1339 gramine
1292 1289 1431 1327 collem

411 1356 599 1395 Conseret
628 1363 665 1394 et
693 1357 792 1394 ueris
821 1355 1028 1405 depinguet
1056 1362 1164 1405 prata
1192 1355 1333 1404 figuris.

305 1423 382 1459 260
406 1421 713 1473 Caeruleumque
743 1422 837 1459 oleis
866 1421 1079 1458 uiridemue
1109 1421 1148 1457 in
1177 1420 1333 1469 palmite
1359 1419 1496 1458 collem
1526 1419 1642 1458 Benl-

245 1489 336 1525 lez'us
410 1487 509 1525 foliis
542 1489 642 1525 codd.
717 1487 953 1536 uiridemque
993 1484 1103 1523 Voss}
1139 1486 1193 1523 ob
1225 1485 1395 1535 Regz‘om.
1468 1486 1639 1535 germine

245 1553 414 1591 Iacobus.
475 1554 545 1590 261
573 1553 755 1603 depinget
775 1553 944 1602 plerique
962 1551 1028 1589 An
1049 1551 1282 1601 distinguet?

301 1618 420 1665 Quod
440 1618 646 1664 Bentleius‚
667 1619 782 1657 citato
803 1618 915 1655 Lucr.
935 1630 969 1655 v.
997 1626 1096 1665 1372
1117 1617 1244 1654 Prata
1267 1617 1370 1653 lacus
1391 1617 1492 1653 riuos
1510 1621 1639 1665 segetes

244 1685 435 1733 uz'nelaque
467 1685 561 1721 laesa
596 1683 761 1722 Collibus
797 1687 831 1720 et
865 1683 1002 1731 campis
1040 1686 1083 1718 ul
1115 1682 1295 1727 haberent,
1332 1686 1438 1730 alque
1474 1683 1636 1719 olearum

247 1750 410 1788 Caerula
441 1751 670 1799 distinguens
707 1751 802 1786 inter
831 1750 954 1797 plaga
984 1760 1132 1784 currere
1160 1751 1284 1796 posset
1310 1747 1392 1784 Per
1419 1749 1576 1785 tumulos
1605 1752 1639 1784 el

242 1816 422 1853 conuallis
442 1822 653 1863 camposque
664 1816 839 1865 prcffusa,
854 1813 972 1851 colles
992 1813 1031 1849 in
1051 1825 1166 1850 uersu
1191 1812 1339 1849 Manilii
1360 1819 1461 1850 ratus
1481 1819 1538 1850 est
1558 1813 1634 1851 dici

243 1881 338 1919 oleis
357 1881 418 1918 uel
438 1881 578 1918 uitibus
600 1880 783 1925 consitos,
805 1886 847 1916 ut
873 1878 962 1916 hinc
987 1878 1093 1915 color
1117 1878 1314 1916 caeruleus
1340 1877 1523 1924 olearum,
1545 1878 1634 1916 inde

242 1946 373 1983 uiridis
407 1945 511 1983 fieret
545 1946 691 1990 uitium,
725 1945 818 1982 nihil
857 1943 1045 1981 eiusmodi
1081 1942 1283 1980 Manilium
1317 1943 1483 1981 uoluisse
1515 1943 1634 1981 multa

242 2012 448 2049 declarant.
506 2010 585 2048 Cur
614 2011 716 2047 enim
746 2010 842 2047 inter
875 2009 972 2047 horti
1002 2016 1221 2058 prouentus,
1252 2009 1374 2046 uiolas
1406 2008 1632 2058 hyacinthos

240 2077 316 2115 lilia
336 2088 529 2126 papauera
548 2088 655 2113 rosas
678 2073 912 2125 (256-259)‚
935 2075 1041 2113 oleae
1063 2087 1106 2112 ac
1126 2075 1234 2120 uites,
1256 2087 1335 2112 non
1355 2074 1485 2112 holera
1504 2074 1630 2123 potius

239 2156 285 2181 ac
306 2142 459 2180 frutices
482 2141 689 2179 inducendi
719 2142 852 2179 erant?
903 2140 1118 2179 Columella
1147 2147 1248 2178 certe
1277 2146 1485 2190 postquam
1513 2139 1630 2177 flores

240 2208 427 2246 recensuit
465 2220 500 2244 x.
537 2216 695 2255 97-105
735 2207 858 2255 pergit
891 2207 940 2244 ad
969 2206 1105 2244 bulbos
1139 2217 1291 2243 erucam
1329 2204 1628 2254 chaerophylum

238 2275 370 2323 intyba
398 2272 628 2310 lactuculam
658 2271 744 2309 allia
773 2271 938 2321 ulpicam
968 2272 1060 2309 siser
1089 2271 1262 2320 salgama
1290 2270 1475 2320 capparin
1504 2269 1628 2307 inulas

237 2338 397 2376 ferulam
414 2345 562 2375 mentas
582 2336 765 2374 anethum
785 2344 909 2374 rutam
927 2337 1091 2386 sinapim
1108 2348 1267 2386 caepam
1284 2343 1481 2385 postremo
1493 2336 1626 2381 caules,

242 2413 314 2452 127
342 2416 425 2453 sqq.
461 2403 554 2440 Tum
583 2416 719 2452 quoque
744 2403 948 2440 conserz'lur
974 2407 1043 2439 tolo
1071 2415 1162 2452 quae
1179 2403 1351 2451 plurima
1380 2405 1499 2437 terrae
1531 2399 1626 2438 Orbe

236 2470 361 2506 uirens
385 2469 537 2517 pariter
559 2468 663 2517 plebi
696 2469 844 2517 regique
876 2468 1026 2516 superbo
1059 2467 1287 2515 Frigoribus
1319 2467 1438 2503 caules
1475 2470 1510 2502 el
1543 2466 1629 2502 ueri

234 2539 377 2581 cymam
405 2535 537 2572 mille'l:
581 2545 704 2584 neque
733 2533 933 2583 indignum
968 2545 1008 2572 se
1044 2532 1174 2573 habuit
1208 2544 1256 2571 xv
1286 2531 1450 2570 caulium
1482 2543 1622 2580 genera
