1786 2878
242 171 260 199 1
271 159 324 200 82
656 164 852 197 NOCTES
880 164 952 196 MA
959 162 1096 196 NJLJA
1103 163 1210 196 NAE

300 273 376 321 326
407 271 577 321 praefata
596 273 702 308 etiam
724 271 830 320 Lep&
851 271 1020 321 praelata
1050 270 1158 308 Voss}
1185 270 1274 309 Cus.
1298 278 1386 320 post
1416 268 1492 310 fata
1522 270 1635 310 Voss.²

242 337 374 388 planta
402 351 421 374 0
450 337 616 375 tonantis
655 337 768 374 Voss.¹
802 336 890 373 Cus.
914 337 978 374 bo.
1038 345 1112 385 327
1146 336 1238 383 Quo
1278 335 1386 374 Voss.¹
1417 349 1634 388 sonumque

246 403 335 442 Cus.
374 403 460 440 feris
481 402 669 439 Berzllez'us
707 402 835 451 agrius
861 401 974 439 Voss.²
992 402 1170 451 oeagrius
1190 402 1210 439 b
1225 415 1254 438 0.

298 481 334 505 u.
375 470 452 516 326
492 468 608 506 dubia
645 468 917 517 interpretatio.
992 464 1096 504 Nam
1134 467 1316 518 prorsam
1353 479 1442 505 cum
1481 467 1634 505 Gembl.

243 532 467 583 Lipsiensis,
491 534 667 582 praelata
693 532 823 570 Voss.¹
851 539 887 570 et
916 532 1103 578 Cusanus,
1127 536 1214 581 post
1225 534 1325 580 fala
1352 530 1481 571 Voss?
1510 533 1634 571 habet.

245 599 336 636 Hoc
369 606 608 648 postremum
643 598 844 647 amplexus
879 604 936 635 est
971 593 1178 644 Bentleius‚
1210 605 1250 635 ut
1278 595 1508 647 significaret
1536 610 1635 647 quae

244 664 372 702 sonuit
385 669 456 713 per
475 664 636 701 heredem
658 667 799 700 lantum
822 660 1070 710 Mercurium,
1093 664 1157 713 qui
1187 675 1234 700 ex
1265 671 1418 701 mortua
1447 664 1635 702 testudine

244 730 392 780 primus
420 729 541 778 lyram
570 729 705 766 effecit.
765 728 842 766 Sed
871 728 1070 777 quomodo
1096 728 1205 765 heres
1230 726 1445 766 Mercurius
1474 729 1636 766 dicitur?

245 795 349 832 Nam
376 801 471 832 teste
493 807 540 832 eo
566 795 632 844 qui
657 794 861 843 Hymnum
890 792 1144 832 Homericum
1174 794 1223 831 ad
1253 790 1489 832 Mercurium
1518 794 1636 844 scrip-

243 863 302 907 sit,
334 858 394 898 hic
429 860 628 897 inuentam
662 859 895 897 testudinem
928 867 965 897 et
997 859 1035 896 in
1069 859 1173 908 lyrae
1207 860 1374 909 speciem
1408 872 1636 898 conuersam

244 925 417 975 Apollini
443 925 619 972 tradidit3
655 932 695 962 ut
723 932 786 962 aut
812 924 956 974 Apollo
983 932 1048 962 aut
1073 924 1263 974 Orpheus,
1284 926 1343 963 cui
1367 925 1461 963 aliae
1486 925 1637 963 fabulae

245 1004 268 1029 a
297 989 494 1029 Mercurio
523 990 654 1028 datam
685 989 893 1039 fingebant,
924 991 1024 1027 heres
1053 990 1134 1028 eius
1163 990 1235 1028 dici
1265 990 1448 1028 debuerit.
1507 991 1636 1030 Schol.

245 1058 325 1095 Cic.
361 1056 466 1094 Arat.
503 1069 540 1105 p.
579 1056 618 1093 ix
649 1055 708 1093 ed.
742 1053 982 1093 Kauffmann
1015 1056 1122 1104 Lyra
1156 1058 1250 1093 z'nler
1281 1058 1405 1094 sidera
1439 1059 1637 1094 constituta

243 1126 297 1160 esl
314 1123 383 1160 hac
402 1126 444 1159 ut
460 1121 722 1159 Eratosthenes
741 1121 797 1158 czil
814 1121 855 1157 de
878 1133 991 1158 causa
1016 1122 1115 1169 quod
1137 1122 1242 1159 z'm'lio
1267 1135 1290 1159 a
1310 1122 1505 1160 Mercurio
1519 1123 1637 1171 saclcz

244 1189 286 1225 de
305 1188 477 1225 testudine
500 1186 644 1236 Orpheo
669 1191 722 1224 esl
738 1184 894 1233 tradita,
914 1188 984 1235 qui
1001 1186 1186 1236 Calliopes
1211 1191 1245 1224 et
1266 1187 1410 1236 Oeagri
1427 1193 1508 1225 erat
1524 1189 1638 1238 filius

244 1255 320 1291 eius
349 1254 408 1290 rei
432 1253 595 1290 maxime
622 1253 816 1289 studiosus.
876 1251 1001 1289 Schol.
1031 1250 1252 1290 Germanici
1278 1252 1383 1291 Arat.
1409 1266 1444 1303 p.
1473 1265 1543 1302 151
1577 1254 1637 1292 ed.

247 1317 408 1368 Breysig
427 1331 518 1366 quae
538 1315 706 1370 (testudo)
727 1331 807 1354 cum
820 1318 1035 1366 putrefacta
1047 1318 1198 1367 fnisset
1219 1323 1253 1355 el
1277 1320 1388 1356 nerui
1402 1321 1477 1356 eius
1495 1321 1643 1357 extensi

246 1387 343 1422 inter
361 1386 500 1421 corium
525 1385 791 1429 remanszlvsenl,
811 1391 990 1432 percussa
1019 1396 1043 1420 a
1064 1380 1261 1421 Asercurz'o
1286 1386 1441 1422 sonitum
1471 1386 1576 1431 dedz'l,
1598 1387 1638 1422 in

246 1451 351 1486 cuius
377 1450 652 1486 sz'mz'leudz'nem
673 1448 895 1486 Mercurms
924 1449 1044 1497 lyram
1058 1448 1160 1499 fi‘cz't
1187 1462 1295 1498 quam
1317 1453 1443 1499 postea
1469 1450 1644 1500 Apollini

247 1516 384 1560 datam,
399 1516 474 1551 aliz·
489 1514 631 1564 Orpheo
647 1515 783 1551 dicunt.
833 1514 909 1551 Sed
925 1527 996 1552 nec
1012 1514 1234 1564 Apollinem
1251 1516 1365 1553 credo
1382 1516 1640 1565 significatum

247 1593 270 1618 a
297 1580 471 1627 Manilio,
492 1581 557 1629 qui
586 1581 669 1630 ipse
698 1580 756 1618 sui
785 1586 827 1617 ut
855 1579 953 1617 solet
981 1580 1165 1629 interpres
1194 1581 1373 1629 proximo
1402 1594 1516 1619 uersu
1537 1581 1639 1621 Oea-

248 1646 372 1693 grium
395 1645 553 1694 Orphea
577 1645 754 1682 intulerit.
811 1645 947 1695 Itaque
977 1645 1078 1681 heres
1106 1645 1167 1683 ille
1195 1649 1320 1682 lanius
1349 1646 1530 1696 Orpheus
1559 1648 1638 1694 erit,

249 1723 318 1760 per
338 1723 453 1760 quern
475 1710 625 1748 testudo
645 1717 732 1760 post
753 1716 919 1748 mortem
941 1722 1049 1747 suam
1069 1710 1213 1748 uocalis
1228 1710 1327 1748 sacta
1346 1718 1413 1748 est.
1460 1711 1641 1761 Superest

249 1782 379 1813 tamen
403 1787 507 1812 noua
530 1776 741 1813 dubitatio:
772 1776 832 1812 cui
855 1775 959 1812 enim
985 1776 1101 1812 uerba
1130 1775 1193 1812 illa
1212 1782 1284 1824 per
1312 1776 1469 1814 heredem
1498 1782 1640 1815 lantum

240 1841 430 1890 poslsala
450 1842 617 1878 sonanlz's
637 1852 717 1878 non
738 1841 793 1878 sic
814 1840 939 1890 potius
960 1840 1187 1889 explicanda
1206 1840 1450 1888 uidebuntur,
1474 1843 1641 1881 ‘uocalis

250 1906 373 1943 sactae
394 1912 431 1942 et
453 1904 576 1954 Lyrae
597 1918 742 1943 nomen
763 1906 925 1955 adeptae
952 1906 990 1942 in
1015 1904 1131 1943 stellis
1158 1917 1238 1943 non
1265 1906 1338 1943 nisi
1365 1919 1432 1955 per
1460 1907 1640 1946 heredem

250 1979 287 2008 et
318 1982 407 2008 eum
441 1970 658 2008 mortuum’
686 1971 724 2008 h.
740 1983 772 2009 e.
803 1983 870 2020 per
902 1970 1059 2020 Orphea
1089 1970 1158 2008 sed
1187 1971 1409 2008 mortuum?
1467 1971 1569 2009 Nam
1604 1981 1642 2011 et

251 2036 341 2073 illud
354 2037 539 2085 poslsalcz
561 2036 690 2073 durius
711 2036 758 2074 de
779 2036 965 2073 testudine
987 2036 1132 2082 dicitur,
1153 2043 1189 2073 et
1206 2036 1405 2074 Ciceronis
1424 2037 1639 2086 scholiasta,

250 2113 366 2150 quem
383 2101 513 2138 omnia
529 2113 576 2138 ex
595 2101 756 2150 Hygino
773 2102 931 2139 traxisse
947 2101 1112 2139 ostendit
1129 2099 1423 2147 Kauffmannus‚
1441 2103 1552 2140 tradit
1567 2116 1603 2152 p.
1615 2117 1640 2142 x

251 2166 392 2204 Musas
411 2167 554 2203 collecta
578 2168 737 2203 membra
758 2166 933 2216 (Orphei)
954 2169 1159 2216 sepulturae
1175 2168 1366 2204 mandasse
1385 2173 1418 2204 el
1433 2169 1552 2216 lyram
1572 2182 1642 2217 quo

252 2234 418 2269 maxime
435 2237 606 2280 poterant
630 2233 795 2281 beneficio
822 2234 924 2270 sllz'us
951 2235 1141 2270 memoriae
1166 2245 1278 2270 causa
1296 2233 1509 2282 figuratam
1530 2236 1642 2273 slcllt's

252 2300 347 2335 inlcr
364 2298 488 2334 sidera
508 2299 732 2334 consle'lm'sse
752 2299 940 2347 Apollinis
959 2303 992 2336 el
1010 2298 1115 2335 Iouis
1136 2299 1328 2336 uoluntate.

307 2362 488 2400 Ceterum
512 2375 582 2400 nec
603 2364 781 2413 pracfczla
810 2376 882 2401 nec
904 2365 1079 2412 praelata
1109 2376 1178 2401 suo
1207 2375 1320 2401 sensu
1349 2371 1472 2402 caret:
1502 2364 1588 2410 hoc,
1612 2366 1642 2403 si

250 2429 402 2464 somznlc'
422 2428 629 2477 scripseris,
659 2440 738 2465 non
767 2430 870 2465 enim
898 2429 1078 2479 Orpheus
1108 2429 1175 2467 sed
1202 2429 1282 2478 lyra
1307 2429 1345 2466 in
1371 2430 1494 2467 stellas
1524 2431 1643 2469 relata

253 2500 320 2537 est,
352 2499 388 2530 et
418 2493 470 2530 sie
492 2495 668 2541 praelata
697 2496 847 2530 sonanlz'
872 2508 921 2532 sc.
952 2495 1111 2533 domino
1142 2507 1212 2532 suo
1240 2494 1401 2544 Orpheo
1430 2508 1497 2544 per
1525 2509 1641 2545 quem

255 2566 454 2596 sonuerat:
485 2558 588 2605 illud,
611 2559 640 2597 si
666 2559 830 2597 Tonante·
851 2573 897 2598 ex
928 2572 975 2598 eo
1005 2560 1111 2610 quod
1132 2560 1310 2600 Cusanus
1337 2572 1425 2599 cum
1451 2561 1641 2611 plerisque
