<?xml version="1.0" encoding="UTF-8"?>
<!DOCTYPE html PUBLIC "-//W3C//DTD XHTML 1.0 Transitional//EN"
    "http://www.w3.org/TR/xhtml1/DTD/xhtml1-transitional.dtd">
<html xmlns="http://www.w3.org/1999/xhtml" xml:lang="en" lang="en">
 <head>
  <title>
</title>
<meta http-equiv="Content-Type" content="text/html;charset=utf-8" />
  <meta name='ocr-system' content='tesseract 3.04.00' />
  <meta name='ocr-capabilities' content='ocr_page ocr_carea ocr_par ocr_line ocrx_word'/>
</head>
<body>
  <div class='ocr_page' id='page_1' title='image "./noctesmanilianae00elliuoft_0059.png"; bbox 0 0 1786 2878; ppageno 0'>
   <div class='ocr_carea' id='block_1_1' title="bbox 786 145 1505 193">
    <p class='ocr_par' dir='ltr' id='par_1_1' title="bbox 786 145 1505 193">
     <span class='ocr_line' id='line_1_1' title="bbox 786 145 1505 193; baseline 0 -16"><span class='ocrx_word' id='word_1_1' title='bbox 786 145 834 177; x_wconf 87' lang='lat' dir='ltr'>II</span> <span class='ocrx_word' id='word_1_2' title='bbox 1451 151 1505 193; x_wconf 76' lang='lat'>39</span> 
     </span>
    </p>
   </div>
   <div class='ocr_carea' id='block_1_2' title="bbox 90 249 1505 2591">
    <p class='ocr_par' dir='ltr' id='par_1_2' title="bbox 106 249 1505 486">
     <span class='ocr_line' id='line_1_2' title="bbox 109 249 1505 298; baseline 0 -8"><span class='ocrx_word' id='word_1_3' title='bbox 109 251 386 291; x_wconf 86' lang='lat' dir='ltr'>restituendum</span> <span class='ocrx_word' id='word_1_4' title='bbox 425 251 586 290; x_wconf 88' lang='lat' dir='ltr'>credidit</span> <span class='ocrx_word' id='word_1_5' title='bbox 623 251 689 289; x_wconf 89' lang='lat' dir='ltr'>ubi</span> <span class='ocrx_word' id='word_1_6' title='bbox 729 249 834 288; x_wconf 86' lang='lat' dir='ltr'>MSS</span> <span class='ocrx_word' id='word_1_7' title='bbox 869 251 1009 288; x_wconf 75' lang='lat' dir='ltr'><em>discors</em></span> <span class='ocrx_word' id='word_1_8' title='bbox 1048 250 1239 298; x_wconf 80' lang='lat' dir='ltr'><strong>exhibent,</strong></span> <span class='ocrx_word' id='word_1_9' title='bbox 1275 264 1355 290; x_wconf 90' lang='lat' dir='ltr'>non</span> <span class='ocrx_word' id='word_1_10' title='bbox 1390 251 1505 290; x_wconf 90' lang='lat' dir='ltr'>dubie</span> 
     </span>
     <span class='ocr_line' id='line_1_3' title="bbox 109 316 1504 367; baseline 0 -12"><span class='ocrx_word' id='word_1_11' title='bbox 109 318 290 367; x_wconf 87' lang='lat' dir='ltr'>scriptum</span> <span class='ocrx_word' id='word_1_12' title='bbox 319 324 375 355; x_wconf 85' lang='lat' dir='ltr'>est</span> <span class='ocrx_word' id='word_1_13' title='bbox 401 319 450 354; x_wconf 85' lang='lat' dir='ltr'>ab</span> <span class='ocrx_word' id='word_1_14' title='bbox 476 316 618 354; x_wconf 86' lang='lat' dir='ltr'>Ouidio</span> <span class='ocrx_word' id='word_1_15' title='bbox 643 317 731 353; x_wconf 89' lang='lat' dir='ltr'>Am.</span> <span class='ocrx_word' id='word_1_16' title='bbox 754 317 788 354; x_wconf 88' lang='lat' dir='ltr'>ii.</span> <span class='ocrx_word' id='word_1_17' title='bbox 815 329 874 354; x_wconf 85' lang='lat'>12.</span> <span class='ocrx_word' id='word_1_18' title='bbox 899 329 941 353; x_wconf 93' lang='lat'>11</span> <span class='ocrx_word' id='word_1_19' title='bbox 970 317 1027 354; x_wconf 76' lang='lat' dir='ltr'>At</span> <span class='ocrx_word' id='word_1_20' title='bbox 1050 330 1127 354; x_wconf 84' lang='lat' dir='ltr'>mea</span> <span class='ocrx_word' id='word_1_21' title='bbox 1153 319 1306 367; x_wconf 68' lang='lat' dir='ltr'>seposita</span> <span class='ocrx_word' id='word_1_22' title='bbox 1329 323 1382 354; x_wconf 81' lang='lat' dir='ltr'>est</span> <span class='ocrx_word' id='word_1_23' title='bbox 1402 322 1435 354; x_wconf 83' lang='lat' dir='ltr'>et</span> <span class='ocrx_word' id='word_1_24' title='bbox 1458 318 1504 355; x_wconf 80' lang='lat' dir='ltr'>ab</span> 
     </span>
     <span class='ocr_line' id='line_1_4' title="bbox 107 382 1504 435; baseline -0.001 -14"><span class='ocrx_word' id='word_1_25' title='bbox 107 384 212 421; x_wconf 81' lang='lat' dir='ltr'><em>omni</em></span> <span class='ocrx_word' id='word_1_26' title='bbox 239 384 352 420; x_wconf 72' lang='lat' dir='ltr'>milite</span> <span class='ocrx_word' id='word_1_27' title='bbox 385 384 526 420; x_wconf 80' lang='lat' dir='ltr'><em>dissors</em></span> <span class='ocrx_word' id='word_1_28' title='bbox 564 382 725 420; x_wconf 85' lang='lat' dir='ltr'><em>Gloria:</em></span> <span class='ocrx_word' id='word_1_29' title='bbox 764 382 817 420; x_wconf 88' lang='lat' dir='ltr'>sic</span> <span class='ocrx_word' id='word_1_30' title='bbox 846 382 950 420; x_wconf 90' lang='lat' dir='ltr'>enim</span> <span class='ocrx_word' id='word_1_31' title='bbox 979 382 1161 435; x_wconf 78' lang='lat' dir='ltr'>traditum</span> <span class='ocrx_word' id='word_1_32' title='bbox 1195 389 1251 420; x_wconf 85' lang='lat' dir='ltr'>est</span> <span class='ocrx_word' id='word_1_33' title='bbox 1286 383 1325 420; x_wconf 92' lang='lat' dir='ltr'>in</span> <span class='ocrx_word' id='word_1_34' title='bbox 1357 383 1504 432; x_wconf 91' lang='lat' dir='ltr'>optimo</span> 
     </span>
     <span class='ocr_line' id='line_1_5' title="bbox 106 448 480 486; baseline -0.005 0"><span class='ocrx_word' id='word_1_35' title='bbox 106 449 240 486; x_wconf 90' lang='lat' dir='ltr'>codice</span> <span class='ocrx_word' id='word_1_36' title='bbox 269 448 480 485; x_wconf 88' lang='lat' dir='ltr'>Puteaneo.</span> 
     </span>
    </p>

    <p class='ocr_par' dir='ltr' id='par_1_3' title="bbox 160 511 845 559">
     <span class='ocr_line' id='line_1_6' title="bbox 160 511 845 559; baseline -0.003 -8"><span class='ocrx_word' id='word_1_37' title='bbox 160 514 211 551; x_wconf 92' lang='lat' dir='ltr'>II.</span> <span class='ocrx_word' id='word_1_38' title='bbox 235 526 322 559; x_wconf 86' lang='lat'>221,</span> <span class='ocrx_word' id='word_1_39' title='bbox 347 525 366 550; x_wconf 83' lang='lat'><strong>2</strong></span> <span class='ocrx_word' id='word_1_40' title='bbox 399 514 452 551; x_wconf 91' lang='lat' dir='ltr'>sic</span> <span class='ocrx_word' id='word_1_41' title='bbox 473 519 604 550; x_wconf 83' lang='lat' dir='ltr'>extant</span> <span class='ocrx_word' id='word_1_42' title='bbox 626 512 664 549; x_wconf 91' lang='lat' dir='ltr'>in</span> <span class='ocrx_word' id='word_1_43' title='bbox 687 511 845 550; x_wconf 88' lang='lat' dir='ltr'>Gembl.</span> 
     </span>
    </p>

    <p class='ocr_par' dir='ltr' id='par_1_4' title="bbox 266 577 1490 692">
     <span class='ocr_line' id='line_1_7' title="bbox 271 577 1490 628; baseline 0.001 -13"><span class='ocrx_word' id='word_1_44' title='bbox 271 578 368 616; x_wconf 86' lang='lat' dir='ltr'>Sunt</span> <span class='ocrx_word' id='word_1_45' title='bbox 397 579 538 628; x_wconf 85' lang='lat' dir='ltr'>quibus</span> <span class='ocrx_word' id='word_1_46' title='bbox 567 590 652 615; x_wconf 86' lang='lat' dir='ltr'>esse</span> <span class='ocrx_word' id='word_1_47' title='bbox 683 578 818 615; x_wconf 86' lang='lat' dir='ltr'>diurna</span> <span class='ocrx_word' id='word_1_48' title='bbox 847 577 970 627; x_wconf 82' lang='lat' dir='ltr'>placet</span> <span class='ocrx_word' id='word_1_49' title='bbox 999 590 1098 627; x_wconf 90' lang='lat' dir='ltr'>quae</span> <span class='ocrx_word' id='word_1_50' title='bbox 1129 577 1300 616; x_wconf 84' lang='lat' dir='ltr'>mascula</span> <span class='ocrx_word' id='word_1_51' title='bbox 1330 585 1490 627; x_wconf 83' lang='lat' dir='ltr'>surgunt</span> 
     </span>
     <span class='ocr_line' id='line_1_8' title="bbox 266 643 1227 692; baseline 0 -12"><span class='ocrx_word' id='word_1_52' title='bbox 266 643 450 681; x_wconf 88' lang='lat' dir='ltr'>Feminea</span> <span class='ocrx_word' id='word_1_53' title='bbox 479 644 518 680; x_wconf 90' lang='lat' dir='ltr'>in</span> <span class='ocrx_word' id='word_1_54' title='bbox 548 651 703 680; x_wconf 87' lang='lat' dir='ltr'>noctem</span> <span class='ocrx_word' id='word_1_55' title='bbox 734 643 822 680; x_wconf 83' lang='lat' dir='ltr'>tutis</span> <span class='ocrx_word' id='word_1_56' title='bbox 851 643 1018 692; x_wconf 85' lang='lat' dir='ltr'>gaudere</span> <span class='ocrx_word' id='word_1_57' title='bbox 1049 644 1227 680; x_wconf 83' lang='lat' dir='ltr'>tenebris.</span> 
     </span>
    </p>

    <p class='ocr_par' dir='ltr' id='par_1_5' title="bbox 113 707 1502 812">
     <span class='ocr_line' id='line_1_9' title="bbox 158 707 1502 758; baseline 0.001 -13"><span class='ocrx_word' id='word_1_58' title='bbox 158 707 341 746; x_wconf 90' lang='lat' dir='ltr'>Feminea</span> <span class='ocrx_word' id='word_1_59' title='bbox 369 709 409 745; x_wconf 90' lang='lat' dir='ltr'>in</span> <span class='ocrx_word' id='word_1_60' title='bbox 436 709 536 746; x_wconf 83' lang='lat' dir='ltr'><em>codd.</em></span> <span class='ocrx_word' id='word_1_61' title='bbox 566 708 789 746; x_wconf 82' lang='lat' dir='ltr'>Femineam</span> <span class='ocrx_word' id='word_1_62' title='bbox 820 707 992 758; x_wconf 65' lang='lat' dir='ltr'>Scaliger</span> <span class='ocrx_word' id='word_1_63' title='bbox 1020 715 1162 746; x_wconf 82' lang='lat' dir='ltr'>sortem</span> <span class='ocrx_word' id='word_1_64' title='bbox 1191 708 1313 746; x_wconf 81' lang='lat' dir='ltr'>Benll.</span> <span class='ocrx_word' id='word_1_65' title='bbox 1369 709 1502 747; x_wconf 87' lang='lat' dir='ltr'>tuteris</span> 
     </span>
     <span class='ocr_line' id='line_1_10' title="bbox 113 773 494 812; baseline -0.003 -1"><span class='ocrx_word' id='word_1_66' title='bbox 113 773 227 812; x_wconf 81' lang='lat' dir='ltr'><em>Voss.²</em></span> <span class='ocrx_word' id='word_1_67' title='bbox 283 787 333 811; x_wconf 88' lang='lat' dir='ltr'>an</span> <span class='ocrx_word' id='word_1_68' title='bbox 353 774 465 811; x_wconf 84' lang='lat' dir='ltr'>tuteis</span> <span class='ocrx_word' id='word_1_69' title='bbox 481 775 494 811; x_wconf 89' lang='lat'>?</span> 
     </span>
    </p>

    <p class='ocr_par' dir='ltr' id='par_1_6' title="bbox 90 837 1499 1479">
     <span class='ocr_line' id='line_1_11' title="bbox 156 837 1498 889; baseline 0.002 -14"><span class='ocrx_word' id='word_1_70' title='bbox 156 838 333 876; x_wconf 83' lang='lat' dir='ltr'>Feminea</span> <span class='ocrx_word' id='word_1_71' title='bbox 367 840 406 876; x_wconf 83' lang='lat' dir='ltr'>in</span> <span class='ocrx_word' id='word_1_72' title='bbox 439 838 593 876; x_wconf 87' lang='lat' dir='ltr'>codices</span> <span class='ocrx_word' id='word_1_73' title='bbox 622 837 837 876; x_wconf 73' lang='lat' dir='ltr'><em>Femineam</em></span> <span class='ocrx_word' id='word_1_74' title='bbox 870 838 1053 888; x_wconf 82' lang='lat' dir='ltr'>Scaliger,</span> <span class='ocrx_word' id='word_1_75' title='bbox 1085 839 1230 889; x_wconf 90' lang='lat' dir='ltr'>optime</span> <span class='ocrx_word' id='word_1_76' title='bbox 1264 852 1327 877; x_wconf 88' lang='lat' dir='ltr'>me</span> <span class='ocrx_word' id='word_1_77' title='bbox 1360 839 1498 878; x_wconf 74' lang='lat' dir='ltr'>iudice.</span> 
     </span>
     <span class='ocr_line' id='line_1_12' title="bbox 102 903 1499 954; baseline 0.001 -13"><span class='ocrx_word' id='word_1_78' title='bbox 102 903 206 942; x_wconf 85' lang='lat' dir='ltr'>Nam</span> <span class='ocrx_word' id='word_1_79' title='bbox 219 905 258 941; x_wconf 85' lang='lat' dir='ltr'>in</span> <span class='ocrx_word' id='word_1_80' title='bbox 271 908 402 941; x_wconf 74' lang='lat' dir='ltr'>noctem</span> <span class='ocrx_word' id='word_1_81' title='bbox 417 905 584 953; x_wconf 79' lang='lat' dir='ltr'>gaudere</span> <span class='ocrx_word' id='word_1_82' title='bbox 606 904 782 941; x_wconf 85' lang='lat' dir='ltr'>dicuntur</span> <span class='ocrx_word' id='word_1_83' title='bbox 797 904 936 954; x_wconf 90' lang='lat' dir='ltr'>quibus</span> <span class='ocrx_word' id='word_1_84' title='bbox 953 905 1197 954; x_wconf 84' lang='lat' dir='ltr'>propositum</span> <span class='ocrx_word' id='word_1_85' title='bbox 1216 912 1274 942; x_wconf 89' lang='lat' dir='ltr'>est</span> <span class='ocrx_word' id='word_1_86' title='bbox 1290 911 1369 942; x_wconf 88' lang='lat' dir='ltr'>tota</span> <span class='ocrx_word' id='word_1_87' title='bbox 1385 912 1499 943; x_wconf 84' lang='lat' dir='ltr'>nocte</span> 
     </span>
     <span class='ocr_line' id='line_1_13' title="bbox 100 969 1496 1019; baseline 0.001 -13"><span class='ocrx_word' id='word_1_88' title='bbox 100 970 280 1019; x_wconf 85' lang='lat' dir='ltr'>gaudere,</span> <span class='ocrx_word' id='word_1_89' title='bbox 293 976 334 1006; x_wconf 92' lang='lat' dir='ltr'>ut</span> <span class='ocrx_word' id='word_1_90' title='bbox 355 969 402 1007; x_wconf 93' lang='lat' dir='ltr'>de</span> <span class='ocrx_word' id='word_1_91' title='bbox 422 970 560 1018; x_wconf 86' lang='lat' dir='ltr'>apibus</span> <span class='ocrx_word' id='word_1_92' title='bbox 584 969 678 1006; x_wconf 83' lang='lat' dir='ltr'>dixit</span> <span class='ocrx_word' id='word_1_93' title='bbox 692 969 885 1019; x_wconf 83' lang='lat' dir='ltr'>Vergilius</span> <span class='ocrx_word' id='word_1_94' title='bbox 907 969 956 1007; x_wconf 91' lang='lat' dir='ltr'>G.</span> <span class='ocrx_word' id='word_1_95' title='bbox 973 970 1018 1007; x_wconf 91' lang='lat' dir='ltr'>iv.</span> <span class='ocrx_word' id='word_1_96' title='bbox 1040 972 1113 1018; x_wconf 86' lang='lat'>189</span> <span class='ocrx_word' id='word_1_97' title='bbox 1130 971 1260 1007; x_wconf 74' lang='lat' dir='ltr'>siletur</span> <span class='ocrx_word' id='word_1_98' title='bbox 1280 969 1330 1006; x_wconf 88' lang='lat' dir='ltr'>In</span> <span class='ocrx_word' id='word_1_99' title='bbox 1351 976 1496 1008; x_wconf 76' lang='lat' dir='ltr'>noctem.</span> 
     </span>
     <span class='ocr_line' id='line_1_14' title="bbox 99 1034 1498 1085; baseline 0.001 -13"><span class='ocrx_word' id='word_1_100' title='bbox 99 1035 152 1072; x_wconf 83' lang='lat' dir='ltr'>At</span> <span class='ocrx_word' id='word_1_101' title='bbox 167 1035 259 1071; x_wconf 88' lang='lat' dir='ltr'>nihil</span> <span class='ocrx_word' id='word_1_102' title='bbox 272 1034 332 1073; x_wconf 89' lang='lat' dir='ltr'>hic</span> <span class='ocrx_word' id='word_1_103' title='bbox 353 1035 435 1072; x_wconf 90' lang='lat' dir='ltr'>uult</span> <span class='ocrx_word' id='word_1_104' title='bbox 449 1034 631 1072; x_wconf 83' lang='lat' dir='ltr'>Manilius</span> <span class='ocrx_word' id='word_1_105' title='bbox 645 1035 716 1072; x_wconf 82' lang='lat' dir='ltr'>nisi</span> <span class='ocrx_word' id='word_1_106' title='bbox 734 1035 843 1084; x_wconf 85' lang='lat' dir='ltr'>signa</span> <span class='ocrx_word' id='word_1_107' title='bbox 859 1035 994 1073; x_wconf 89' lang='lat' dir='ltr'>diurna</span> <span class='ocrx_word' id='word_1_108' title='bbox 1009 1048 1031 1072; x_wconf 84' lang='lat' dir='ltr'>a</span> <span class='ocrx_word' id='word_1_109' title='bbox 1047 1035 1239 1072; x_wconf 84' lang='lat' dir='ltr'>nonnullis</span> <span class='ocrx_word' id='word_1_110' title='bbox 1253 1035 1381 1073; x_wconf 86' lang='lat' dir='ltr'>haberi</span> <span class='ocrx_word' id='word_1_111' title='bbox 1398 1048 1498 1085; x_wconf 84' lang='lat' dir='ltr'>quae</span> 
     </span>
     <span class='ocr_line' id='line_1_15' title="bbox 99 1100 1498 1150; baseline 0.001 -13"><span class='ocrx_word' id='word_1_112' title='bbox 99 1100 283 1147; x_wconf 87' lang='lat' dir='ltr'>mascula,</span> <span class='ocrx_word' id='word_1_113' title='bbox 299 1107 488 1138; x_wconf 89' lang='lat' dir='ltr'>nocturna</span> <span class='ocrx_word' id='word_1_114' title='bbox 504 1107 632 1138; x_wconf 87' lang='lat' dir='ltr'>autem</span> <span class='ocrx_word' id='word_1_115' title='bbox 648 1113 748 1150; x_wconf 83' lang='lat' dir='ltr'>quae</span> <span class='ocrx_word' id='word_1_116' title='bbox 763 1101 929 1138; x_wconf 88' lang='lat' dir='ltr'>feminea</span> <span class='ocrx_word' id='word_1_117' title='bbox 945 1102 1018 1138; x_wconf 84' lang='lat' dir='ltr'>sint</span> <span class='ocrx_word' id='word_1_118' title='bbox 1036 1114 1043 1138; x_wconf 88' lang='lat'>:</span> <span class='ocrx_word' id='word_1_119' title='bbox 1070 1102 1196 1150; x_wconf 81' lang='lat' dir='ltr'>itaque</span> <span class='ocrx_word' id='word_1_120' title='bbox 1211 1113 1290 1138; x_wconf 90' lang='lat' dir='ltr'>non</span> <span class='ocrx_word' id='word_1_121' title='bbox 1307 1101 1422 1138; x_wconf 81' lang='lat' dir='ltr'>habet</span> <span class='ocrx_word' id='word_1_122' title='bbox 1436 1101 1498 1139; x_wconf 89' lang='lat' dir='ltr'>hic</span> 
     </span>
     <span class='ocr_line' id='line_1_16' title="bbox 98 1166 1497 1216; baseline 0.001 -13"><span class='ocrx_word' id='word_1_123' title='bbox 98 1166 227 1204; x_wconf 89' lang='lat' dir='ltr'>locum</span> <span class='ocrx_word' id='word_1_124' title='bbox 246 1166 482 1215; x_wconf 81' lang='lat' dir='ltr'>praepositio</span> <span class='ocrx_word' id='word_1_125' title='bbox 498 1167 548 1203; x_wconf 84' lang='lat' dir='ltr'>in.</span> <span class='ocrx_word' id='word_1_126' title='bbox 584 1166 795 1203; x_wconf 74' lang='lat' dir='ltr'>Femineam</span> <span class='ocrx_word' id='word_1_127' title='bbox 812 1172 945 1204; x_wconf 82' lang='lat' dir='ltr'>noctem</span> <span class='ocrx_word' id='word_1_128' title='bbox 962 1168 1051 1204; x_wconf 77' lang='lat' dir='ltr'><em>lulis</em></span> <span class='ocrx_word' id='word_1_129' title='bbox 1059 1167 1223 1216; x_wconf 79' lang='lat' dir='ltr'>gaudere</span> <span class='ocrx_word' id='word_1_130' title='bbox 1237 1167 1389 1204; x_wconf 72' lang='lat' dir='ltr'>fenebris</span> <span class='ocrx_word' id='word_1_131' title='bbox 1404 1180 1497 1205; x_wconf 90' lang='lat' dir='ltr'>con-</span> 
     </span>
     <span class='ocr_line' id='line_1_17' title="bbox 98 1231 1496 1282; baseline 0.002 -15"><span class='ocrx_word' id='word_1_132' title='bbox 98 1232 256 1268; x_wconf 84' lang='lat' dir='ltr'>tractius</span> <span class='ocrx_word' id='word_1_133' title='bbox 292 1232 439 1269; x_wconf 88' lang='lat' dir='ltr'>dictum</span> <span class='ocrx_word' id='word_1_134' title='bbox 471 1245 542 1282; x_wconf 89' lang='lat' dir='ltr'>pro</span> <span class='ocrx_word' id='word_1_135' title='bbox 577 1231 833 1270; x_wconf 89' lang='lat' dir='ltr'>femineorum</span> <span class='ocrx_word' id='word_1_136' title='bbox 862 1233 1063 1281; x_wconf 83' lang='lat' dir='ltr'>signorum</span> <span class='ocrx_word' id='word_1_137' title='bbox 1094 1240 1250 1270; x_wconf 87' lang='lat' dir='ltr'>noctem</span> <span class='ocrx_word' id='word_1_138' title='bbox 1280 1245 1375 1278; x_wconf 82' lang='lat' dir='ltr'>esse,</span> <span class='ocrx_word' id='word_1_139' title='bbox 1406 1233 1496 1282; x_wconf 90' lang='lat' dir='ltr'>quia</span> 
     </span>
     <span class='ocr_line' id='line_1_18' title="bbox 97 1295 1493 1349; baseline 0.001 -15"><span class='ocrx_word' id='word_1_140' title='bbox 97 1297 291 1346; x_wconf 83' lang='lat' dir='ltr'>gaudeant</span> <span class='ocrx_word' id='word_1_141' title='bbox 321 1297 498 1343; x_wconf 86' lang='lat' dir='ltr'>tenebris,</span> <span class='ocrx_word' id='word_1_142' title='bbox 529 1303 571 1334; x_wconf 92' lang='lat' dir='ltr'>ut</span> <span class='ocrx_word' id='word_1_143' title='bbox 602 1297 823 1335; x_wconf 87' lang='lat' dir='ltr'>infirmiora.</span> <span class='ocrx_word' id='word_1_144' title='bbox 883 1295 987 1349; x_wconf 90' lang='lat' dir='ltr'>[Nisi</span> <span class='ocrx_word' id='word_1_145' title='bbox 1020 1297 1114 1335; x_wconf 88' lang='lat' dir='ltr'>forte</span> <span class='ocrx_word' id='word_1_146' title='bbox 1147 1297 1232 1347; x_wconf 85' lang='lat' dir='ltr'>quis</span> <span class='ocrx_word' id='word_1_147' title='bbox 1266 1297 1341 1335; x_wconf 91' lang='lat' dir='ltr'>hoc</span> <span class='ocrx_word' id='word_1_148' title='bbox 1380 1297 1493 1344; x_wconf 82' lang='lat' dir='ltr'>dicat,</span> 
     </span>
     <span class='ocr_line' id='line_1_19' title="bbox 96 1361 1495 1413; baseline 0.001 -14"><span class='ocrx_word' id='word_1_149' title='bbox 96 1361 199 1399; x_wconf 91' lang='lat' dir='ltr'>idem</span> <span class='ocrx_word' id='word_1_150' title='bbox 234 1375 317 1401; x_wconf 83' lang='lat' dir='ltr'>esse</span> <span class='ocrx_word' id='word_1_151' title='bbox 351 1365 392 1400; x_wconf 88' lang='lat' dir='ltr'>in</span> <span class='ocrx_word' id='word_1_152' title='bbox 424 1367 559 1400; x_wconf 78' lang='lat' dir='ltr'>noctem</span> <span class='ocrx_word' id='word_1_153' title='bbox 590 1363 758 1412; x_wconf 81' lang='lat' dir='ltr'>gaudere</span> <span class='ocrx_word' id='word_1_154' title='bbox 795 1363 901 1413; x_wconf 90' lang='lat' dir='ltr'>quod</span> <span class='ocrx_word' id='word_1_155' title='bbox 941 1363 1107 1400; x_wconf 90' lang='lat' dir='ltr'>Firmico</span> <span class='ocrx_word' id='word_1_156' title='bbox 1142 1363 1171 1400; x_wconf 91' lang='grc' dir='ltr'>Ι.</span> <span class='ocrx_word' id='word_1_157' title='bbox 1208 1372 1226 1411; x_wconf 89' lang='lat'>7</span> <span class='ocrx_word' id='word_1_158' title='bbox 1253 1370 1325 1412; x_wconf 80' lang='lat' dir='ltr'>per</span> <span class='ocrx_word' id='word_1_159' title='bbox 1362 1368 1495 1401; x_wconf 74' lang='lat' dir='ltr'>noctem</span> 
     </span>
     <span class='ocr_line' id='line_1_20' title="bbox 90 1424 654 1479; baseline 0.002 -16"><span class='ocrx_word' id='word_1_160' title='bbox 90 1428 287 1477; x_wconf 72' lang='lat' dir='ltr'>gaudere:</span> <span class='ocrx_word' id='word_1_161' title='bbox 315 1428 362 1466; x_wconf 85' lang='lat' dir='ltr'>de</span> <span class='ocrx_word' id='word_1_162' title='bbox 384 1441 463 1478; x_wconf 90' lang='lat' dir='ltr'>quo</span> <span class='ocrx_word' id='word_1_163' title='bbox 483 1424 654 1479; x_wconf 68' lang='lat' dir='ltr'>haereo]</span> 
     </span>
    </p>

    <p class='ocr_par' dir='ltr' id='par_1_7' title="bbox 153 1492 846 1542">
     <span class='ocr_line' id='line_1_21' title="bbox 153 1492 846 1542; baseline 0 -12"><span class='ocrx_word' id='word_1_164' title='bbox 153 1493 204 1530; x_wconf 91' lang='lat' dir='ltr'>II.</span> <span class='ocrx_word' id='word_1_165' title='bbox 228 1505 411 1542; x_wconf 82' lang='lat'><strong>230—233</strong></span> <span class='ocrx_word' id='word_1_166' title='bbox 443 1494 496 1531; x_wconf 87' lang='lat' dir='ltr'>sic</span> <span class='ocrx_word' id='word_1_167' title='bbox 517 1492 671 1531; x_wconf 90' lang='lat' dir='ltr'>Gembl.</span> <span class='ocrx_word' id='word_1_168' title='bbox 692 1493 846 1531; x_wconf 87' lang='lat' dir='ltr'>tradidit</span> 
     </span>
    </p>

    <p class='ocr_par' dir='ltr' id='par_1_8' title="bbox 155 1559 1203 1609">
     <span class='ocr_line' id='line_1_22' title="bbox 155 1559 1203 1609; baseline 0 -13"><span class='ocrx_word' id='word_1_169' title='bbox 155 1572 232 1608; x_wconf 86' lang='lat'>230</span> <span class='ocrx_word' id='word_1_170' title='bbox 264 1559 360 1596; x_wconf 90' lang='lat' dir='ltr'>Sunt</span> <span class='ocrx_word' id='word_1_171' title='bbox 389 1560 505 1597; x_wconf 86' lang='lat' dir='ltr'>etiam</span> <span class='ocrx_word' id='word_1_172' title='bbox 534 1559 683 1596; x_wconf 90' lang='lat' dir='ltr'>mediae</span> <span class='ocrx_word' id='word_1_173' title='bbox 712 1559 808 1609; x_wconf 87' lang='lat' dir='ltr'>legis</span> <span class='ocrx_word' id='word_1_174' title='bbox 838 1559 1062 1597; x_wconf 83' lang='lat' dir='ltr'>communia</span> <span class='ocrx_word' id='word_1_175' title='bbox 1092 1559 1203 1608; x_wconf 83' lang='lat' dir='ltr'>signa</span> 
     </span>
    </p>

    <p class='ocr_par' dir='ltr' id='par_1_9' title="bbox 257 1624 1333 1805">
     <span class='ocr_line' id='line_1_23' title="bbox 258 1624 1284 1674; baseline 0.001 -13"><span class='ocrx_word' id='word_1_176' title='bbox 258 1624 477 1674; x_wconf 85' lang='lat' dir='ltr'>Ambiguus</span> <span class='ocrx_word' id='word_1_177' title='bbox 507 1632 628 1662; x_wconf 92' lang='lat' dir='ltr'>terrae</span> <span class='ocrx_word' id='word_1_178' title='bbox 659 1624 919 1674; x_wconf 86' lang='lat' dir='ltr'>Capricornus</span> <span class='ocrx_word' id='word_1_179' title='bbox 948 1625 1142 1674; x_wconf 84' lang='lat' dir='ltr'>Aquarius</span> <span class='ocrx_word' id='word_1_180' title='bbox 1172 1624 1284 1662; x_wconf 85' lang='lat' dir='ltr'>undis</span> 
     </span>
     <span class='ocr_line' id='line_1_24' title="bbox 257 1690 1333 1740; baseline 0 -13"><span class='ocrx_word' id='word_1_181' title='bbox 257 1690 429 1740; x_wconf 88' lang='lat' dir='ltr'>Parsque</span> <span class='ocrx_word' id='word_1_182' title='bbox 459 1691 608 1728; x_wconf 89' lang='lat' dir='ltr'>marina</span> <span class='ocrx_word' id='word_1_183' title='bbox 637 1691 763 1728; x_wconf 84' lang='lat' dir='ltr'>nitens</span> <span class='ocrx_word' id='word_1_184' title='bbox 793 1690 988 1728; x_wconf 82' lang='lat' dir='ltr'>fundentis</span> <span class='ocrx_word' id='word_1_185' title='bbox 1018 1702 1170 1739; x_wconf 89' lang='lat' dir='ltr'>semper</span> <span class='ocrx_word' id='word_1_186' title='bbox 1200 1690 1333 1740; x_wconf 86' lang='lat' dir='ltr'>aquari</span> 
     </span>
     <span class='ocr_line' id='line_1_25' title="bbox 258 1756 1174 1805; baseline -0.001 -12"><span class='ocrx_word' id='word_1_187' title='bbox 258 1756 434 1794; x_wconf 88' lang='lat' dir='ltr'>Humida</span> <span class='ocrx_word' id='word_1_188' title='bbox 462 1756 621 1794; x_wconf 84' lang='lat' dir='ltr'>terrenis</span> <span class='ocrx_word' id='word_1_189' title='bbox 651 1763 765 1805; x_wconf 86' lang='lat' dir='ltr'>atque</span> <span class='ocrx_word' id='word_1_190' title='bbox 795 1756 846 1793; x_wconf 91' lang='lat' dir='ltr'>illi</span> <span class='ocrx_word' id='word_1_191' title='bbox 876 1756 1014 1805; x_wconf 84' lang='lat' dir='ltr'>degere</span> <span class='ocrx_word' id='word_1_192' title='bbox 1044 1757 1174 1792; x_wconf 85' lang='lat' dir='ltr'>mixta.</span> 
     </span>
    </p>

    <p class='ocr_par' dir='ltr' id='par_1_10' title="bbox 91 1820 1496 2394">
     <span class='ocr_line' id='line_1_26' title="bbox 151 1820 1491 1871; baseline 0.001 -13"><span class='ocrx_word' id='word_1_193' title='bbox 151 1833 225 1869; x_wconf 87' lang='lat'>232</span> <span class='ocrx_word' id='word_1_194' title='bbox 249 1821 396 1871; x_wconf 86' lang='lat' dir='ltr'>aquarii</span> <span class='ocrx_word' id='word_1_195' title='bbox 419 1820 508 1859; x_wconf 82' lang='lat' dir='ltr'><em>Cus.</em></span> <span class='ocrx_word' id='word_1_196' title='bbox 529 1833 717 1871; x_wconf 90' lang='lat' dir='ltr'>aquarum</span> <span class='ocrx_word' id='word_1_197' title='bbox 748 1820 860 1858; x_wconf 78' lang='lat' dir='ltr'>Voss.2</span> <span class='ocrx_word' id='word_1_198' title='bbox 881 1823 930 1871; x_wconf 87' lang='lat' dir='ltr'>cs.</span> <span class='ocrx_word' id='word_1_199' title='bbox 952 1823 1028 1868; x_wconf 91' lang='lat'>464</span> <span class='ocrx_word' id='word_1_200' title='bbox 1050 1821 1116 1858; x_wconf 77' lang='lat' dir='ltr'>ubi</span> <span class='ocrx_word' id='word_1_201' title='bbox 1135 1834 1154 1858; x_wconf 93' lang='lat' dir='ltr'>o</span> <span class='ocrx_word' id='word_1_202' title='bbox 1173 1820 1280 1858; x_wconf 73' lang='lat' dir='ltr'>habet</span> <span class='ocrx_word' id='word_1_203' title='bbox 1295 1820 1491 1859; x_wconf 87' lang='lat' dir='ltr'>fundentis</span> 
     </span>
     <span class='ocr_line' id='line_1_27' title="bbox 93 1885 1496 1936; baseline 0 -13"><span class='ocrx_word' id='word_1_204' title='bbox 93 1898 290 1936; x_wconf 87' lang='lat' dir='ltr'>aquarum,</span> <span class='ocrx_word' id='word_1_205' title='bbox 310 1887 477 1936; x_wconf 78' lang='lat' dir='ltr'>plerique</span> <span class='ocrx_word' id='word_1_206' title='bbox 505 1886 662 1936; x_wconf 87' lang='lat' dir='ltr'>aquarii.</span> <span class='ocrx_word' id='word_1_207' title='bbox 719 1886 888 1936; x_wconf 84' lang='lat' dir='ltr'>Parsque</span> <span class='ocrx_word' id='word_1_208' title='bbox 915 1887 1011 1924; x_wconf 90' lang='lat' dir='ltr'>mari</span> <span class='ocrx_word' id='word_1_209' title='bbox 1038 1886 1163 1923; x_wconf 89' lang='lat' dir='ltr'>nitens</span> <span class='ocrx_word' id='word_1_210' title='bbox 1187 1885 1368 1935; x_wconf 56' lang='lat' dir='ltr'>Scalzgem</span> <span class='ocrx_word' id='word_1_211' title='bbox 1398 1887 1496 1935; x_wconf 79' lang='lat' dir='ltr'>quod</span> 
     </span>
     <span class='ocr_line' id='line_1_28' title="bbox 92 1951 1490 2001; baseline -0.001 -13"><span class='ocrx_word' id='word_1_212' title='bbox 92 1951 313 1989; x_wconf 85' lang='lat' dir='ltr'><em>Bullialdus</em></span> <span class='ocrx_word' id='word_1_213' title='bbox 341 1953 382 1989; x_wconf 87' lang='lat' dir='ltr'>de</span> <span class='ocrx_word' id='word_1_214' title='bbox 410 1965 524 2001; x_wconf 82' lang='lat' dir='ltr'>aquea</span> <span class='ocrx_word' id='word_1_215' title='bbox 545 1956 657 2001; x_wconf 79' lang='lat' dir='ltr'>parle</span> <span class='ocrx_word' id='word_1_216' title='bbox 684 1952 858 2000; x_wconf 75' lang='lat' dir='ltr'>Aquarii</span> <span class='ocrx_word' id='word_1_217' title='bbox 880 1953 957 1989; x_wconf 79' lang='lat' dir='ltr'>siue</span> <span class='ocrx_word' id='word_1_218' title='bbox 984 1965 1024 1989; x_wconf 80' lang='lat' dir='ltr'>ea</span> <span class='ocrx_word' id='word_1_219' title='bbox 1049 1956 1156 2001; x_wconf 78' lang='lat' dir='ltr'>parle</span> <span class='ocrx_word' id='word_1_220' title='bbox 1184 1953 1290 2000; x_wconf 58' lang='lat' dir='ltr'>segni</span> <span class='ocrx_word' id='word_1_221' title='bbox 1310 1953 1388 1988; x_wconf 86' lang='lat' dir='ltr'>eius</span> <span class='ocrx_word' id='word_1_222' title='bbox 1417 1965 1490 2000; x_wconf 79' lang='lat' dir='ltr'>qua</span> 
     </span>
     <span class='ocr_line' id='line_1_29' title="bbox 92 2017 1488 2068; baseline -0.001 -14"><span class='ocrx_word' id='word_1_223' title='bbox 92 2017 216 2054; x_wconf 72' lang='lat' dir='ltr'>latices</span> <span class='ocrx_word' id='word_1_224' title='bbox 234 2029 285 2054; x_wconf 87' lang='lat' dir='ltr'>ex</span> <span class='ocrx_word' id='word_1_225' title='bbox 308 2030 407 2055; x_wconf 84' lang='lat' dir='ltr'>urna</span> <span class='ocrx_word' id='word_1_226' title='bbox 431 2018 587 2068; x_wconf 74' lang='lat' dir='ltr'>effundit</span> <span class='ocrx_word' id='word_1_227' title='bbox 607 2024 710 2066; x_wconf 78' lang='lat' dir='ltr'>posse</span> <span class='ocrx_word' id='word_1_228' title='bbox 737 2018 928 2067; x_wconf 79' lang='lat' dir='ltr'>explicari</span> <span class='ocrx_word' id='word_1_229' title='bbox 949 2022 1057 2054; x_wconf 76' lang='lat' dir='ltr'><em>ratus</em></span> <span class='ocrx_word' id='word_1_230' title='bbox 1078 2022 1139 2064; x_wconf 75' lang='lat' dir='ltr'>est,</span> <span class='ocrx_word' id='word_1_231' title='bbox 1160 2017 1323 2054; x_wconf 72' lang='lat' dir='ltr'>Huen&#39;us</span> <span class='ocrx_word' id='word_1_232' title='bbox 1348 2018 1389 2053; x_wconf 84' lang='lat' dir='ltr'>de</span> <span class='ocrx_word' id='word_1_233' title='bbox 1412 2018 1488 2066; x_wconf 61' lang='lat' dir='ltr'>zpso</span> 
     </span>
     <span class='ocr_line' id='line_1_30' title="bbox 92 2082 1488 2132; baseline -0.001 -12"><span class='ocrx_word' id='word_1_234' title='bbox 92 2082 266 2131; x_wconf 80' lang='lat' dir='ltr'><em>Aquario</em></span> <span class='ocrx_word' id='word_1_235' title='bbox 304 2084 465 2120; x_wconf 78' lang='lat' dir='ltr'>calcante</span> <span class='ocrx_word' id='word_1_236' title='bbox 502 2083 568 2120; x_wconf 85' lang='lat' dir='ltr'>sub</span> <span class='ocrx_word' id='word_1_237' title='bbox 601 2083 753 2132; x_wconf 74' lang='lat' dir='ltr'>pedibus</span> <span class='ocrx_word' id='word_1_238' title='bbox 786 2096 904 2131; x_wconf 78' lang='lat' dir='ltr'><em>aquas</em></span> <span class='ocrx_word' id='word_1_239' title='bbox 937 2095 1027 2131; x_wconf 82' lang='lat' dir='ltr'>quae</span> <span class='ocrx_word' id='word_1_240' title='bbox 1067 2095 1117 2120; x_wconf 76' lang='lat' dir='ltr'>ex</span> <span class='ocrx_word' id='word_1_241' title='bbox 1154 2095 1254 2119; x_wconf 84' lang='lat' dir='ltr'>urna</span> <span class='ocrx_word' id='word_1_242' title='bbox 1283 2083 1488 2132; x_wconf 76' lang='lat' dir='ltr'><em>profluant.</em></span> 
     </span>
     <span class='ocr_line' id='line_1_31' title="bbox 92 2147 1490 2198; baseline -0.001 -14"><span class='ocrx_word' id='word_1_243' title='bbox 92 2147 283 2185; x_wconf 78' lang='lat' dir='ltr'>Bentleius</span> <span class='ocrx_word' id='word_1_244' title='bbox 308 2161 343 2186; x_wconf 86' lang='lat' dir='ltr'>u.</span> <span class='ocrx_word' id='word_1_245' title='bbox 370 2149 611 2198; x_wconf 79' lang='lat' dir='ltr'>deprauatum</span> <span class='ocrx_word' id='word_1_246' title='bbox 640 2152 673 2185; x_wconf 77' lang='lat' dir='ltr'>el</span> <span class='ocrx_word' id='word_1_247' title='bbox 693 2161 744 2186; x_wconf 86' lang='lat' dir='ltr'>ex</span> <span class='ocrx_word' id='word_1_248' title='bbox 769 2149 843 2185; x_wconf 84' lang='lat' dir='ltr'><em>loco</em></span> <span class='ocrx_word' id='word_1_249' title='bbox 869 2148 943 2185; x_wconf 85' lang='lat' dir='ltr'>alio</span> <span class='ocrx_word' id='word_1_250' title='bbox 969 2152 1051 2184; x_wconf 85' lang='lat' dir='ltr'>anle</span> <span class='ocrx_word' id='word_1_251' title='bbox 1080 2147 1150 2185; x_wconf 89' lang='lat' dir='ltr'>IV.</span> <span class='ocrx_word' id='word_1_252' title='bbox 1181 2160 1271 2196; x_wconf 89' lang='lat'>490,</span> <span class='ocrx_word' id='word_1_253' title='bbox 1302 2147 1370 2184; x_wconf 67' lang='lat' dir='ltr'>aba·</span> <span class='ocrx_word' id='word_1_254' title='bbox 1393 2160 1490 2184; x_wconf 87' lang='lat' dir='ltr'><em>nunc</em></span> 
     </span>
     <span class='ocr_line' id='line_1_32' title="bbox 92 2211 1487 2263; baseline -0.001 -13"><span class='ocrx_word' id='word_1_255' title='bbox 92 2226 164 2251; x_wconf 90' lang='lat' dir='ltr'>non</span> <span class='ocrx_word' id='word_1_256' title='bbox 183 2218 298 2260; x_wconf 75' lang='lat' dir='ltr'>extat,</span> <span class='ocrx_word' id='word_1_257' title='bbox 313 2214 490 2251; x_wconf 75' lang='lat' dir='ltr'>tralatum</span> <span class='ocrx_word' id='word_1_258' title='bbox 503 2214 671 2263; x_wconf 76' lang='lat' dir='ltr'>putabat.</span> <span class='ocrx_word' id='word_1_259' title='bbox 724 2213 790 2250; x_wconf 77' lang='lat' dir='ltr'>An</span> <span class='ocrx_word' id='word_1_260' title='bbox 806 2213 977 2262; x_wconf 87' lang='lat' dir='ltr'>Parsque</span> <span class='ocrx_word' id='word_1_261' title='bbox 998 2213 1147 2251; x_wconf 89' lang='lat' dir='ltr'>marina</span> <span class='ocrx_word' id='word_1_262' title='bbox 1167 2214 1293 2250; x_wconf 84' lang='lat' dir='ltr'>nitens</span> <span class='ocrx_word' id='word_1_263' title='bbox 1313 2211 1487 2249; x_wconf 85' lang='lat' dir='ltr'>fundenti</span> 
     </span>
     <span class='ocr_line' id='line_1_33' title="bbox 92 2277 1488 2329; baseline -0.001 -13"><span class='ocrx_word' id='word_1_264' title='bbox 92 2291 244 2328; x_wconf 85' lang='lat' dir='ltr'>semper</span> <span class='ocrx_word' id='word_1_265' title='bbox 269 2281 486 2329; x_wconf 83' lang='lat' dir='ltr'>aquarum?</span> <span class='ocrx_word' id='word_1_266' title='bbox 545 2291 620 2327; x_wconf 84' lang='lat'>233</span> <span class='ocrx_word' id='word_1_267' title='bbox 653 2278 826 2316; x_wconf 89' lang='lat' dir='ltr'>Humida</span> <span class='ocrx_word' id='word_1_268' title='bbox 852 2283 864 2315; x_wconf 89' lang='lat' dir='ltr'>i</span> <span class='ocrx_word' id='word_1_269' title='bbox 886 2279 984 2317; x_wconf 88' lang='lat' dir='ltr'>tenis</span> <span class='ocrx_word' id='word_1_270' title='bbox 1014 2278 1103 2316; x_wconf 80' lang='lat' dir='ltr'><em>Cus.</em></span> <span class='ocrx_word' id='word_1_271' title='bbox 1131 2284 1245 2328; x_wconf 86' lang='lat' dir='ltr'>atque</span> <span class='ocrx_word' id='word_1_272' title='bbox 1269 2278 1320 2314; x_wconf 92' lang='lat' dir='ltr'>illi</span> <span class='ocrx_word' id='word_1_273' title='bbox 1349 2277 1488 2326; x_wconf 83' lang='lat' dir='ltr'>degere</span> 
     </span>
     <span class='ocr_line' id='line_1_34' title="bbox 91 2343 883 2394; baseline 0 -13"><span class='ocrx_word' id='word_1_274' title='bbox 91 2345 199 2381; x_wconf 74' lang='lat' dir='ltr'>ellam</span> <span class='ocrx_word' id='word_1_275' title='bbox 224 2344 314 2382; x_wconf 86' lang='lat' dir='ltr'><em>Cus.</em></span> <span class='ocrx_word' id='word_1_276' title='bbox 344 2344 456 2383; x_wconf 63' lang='lat' dir='ltr'>Voss-,¹</span> <span class='ocrx_word' id='word_1_277' title='bbox 477 2358 496 2382; x_wconf 92' lang='lat' dir='ltr'>o</span> <span class='ocrx_word' id='word_1_278' title='bbox 518 2345 588 2382; x_wconf 84' lang='lat' dir='ltr'>illis</span> <span class='ocrx_word' id='word_1_279' title='bbox 609 2344 738 2394; x_wconf 82' lang='lat' dir='ltr'>digere</span> <span class='ocrx_word' id='word_1_280' title='bbox 769 2343 883 2382; x_wconf 78' lang='lat' dir='ltr'>Voss.2</span> 
     </span>
    </p>

    <p class='ocr_par' dir='ltr' id='par_1_11' title="bbox 92 2408 1487 2591">
     <span class='ocr_line' id='line_1_35' title="bbox 147 2408 1487 2459; baseline -0.002 -13"><span class='ocrx_word' id='word_1_281' title='bbox 147 2408 267 2447; x_wconf 86' lang='lat' dir='ltr'>Recte</span> <span class='ocrx_word' id='word_1_282' title='bbox 286 2410 438 2448; x_wconf 87' lang='lat' dir='ltr'>uidetur</span> <span class='ocrx_word' id='word_1_283' title='bbox 453 2409 618 2447; x_wconf 83' lang='lat' dir='ltr'>Huetius</span> <span class='ocrx_word' id='word_1_284' title='bbox 639 2409 678 2447; x_wconf 89' lang='lat' dir='ltr'>id</span> <span class='ocrx_word' id='word_1_285' title='bbox 694 2409 798 2459; x_wconf 90' lang='lat' dir='ltr'>quod</span> <span class='ocrx_word' id='word_1_286' title='bbox 815 2410 967 2447; x_wconf 87' lang='lat' dir='ltr'>codices</span> <span class='ocrx_word' id='word_1_287' title='bbox 983 2409 1126 2447; x_wconf 83' lang='lat' dir='ltr'>habent</span> <span class='ocrx_word' id='word_1_288' title='bbox 1145 2409 1320 2456; x_wconf 79' lang='lat' dir='ltr'>Parsque</span> <span class='ocrx_word' id='word_1_289' title='bbox 1336 2409 1487 2444; x_wconf 80' lang='lat' dir='ltr'>marina</span> 
     </span>
     <span class='ocr_line' id='line_1_36' title="bbox 92 2474 1487 2525; baseline 0 -15"><span class='ocrx_word' id='word_1_290' title='bbox 92 2475 209 2512; x_wconf 72' lang='lat' dir='ltr'>nitens</span> <span class='ocrx_word' id='word_1_291' title='bbox 229 2475 340 2513; x_wconf 84' lang='lat' dir='ltr'>tutari</span> <span class='ocrx_word' id='word_1_292' title='bbox 360 2483 492 2513; x_wconf 87' lang='lat' dir='ltr'>contra</span> <span class='ocrx_word' id='word_1_293' title='bbox 514 2476 695 2525; x_wconf 82' lang='lat' dir='ltr'>Scaligeri</span> <span class='ocrx_word' id='word_1_294' title='bbox 719 2475 1030 2513; x_wconf 86' lang='lat' dir='ltr'>emendationem</span> <span class='ocrx_word' id='word_1_295' title='bbox 1056 2476 1232 2522; x_wconf 79' lang='lat' dir='ltr'>Parsque</span> <span class='ocrx_word' id='word_1_296' title='bbox 1251 2475 1355 2510; x_wconf 79' lang='lat' dir='ltr'>mari</span> <span class='ocrx_word' id='word_1_297' title='bbox 1371 2474 1487 2510; x_wconf 62' lang='lat' dir='ltr'><em>ninus</em></span> 
     </span>
     <span class='ocr_line' id='line_1_37' title="bbox 92 2539 1484 2591; baseline -0.001 -14"><span class='ocrx_word' id='word_1_298' title='bbox 92 2551 181 2577; x_wconf 90' lang='lat' dir='ltr'>cum</span> <span class='ocrx_word' id='word_1_299' title='bbox 201 2552 249 2578; x_wconf 84' lang='lat' dir='ltr'>ex</span> <span class='ocrx_word' id='word_1_300' title='bbox 271 2543 346 2588; x_wconf 90' lang='lat'>406</span> <span class='ocrx_word' id='word_1_301' title='bbox 374 2541 550 2579; x_wconf 72' lang='lat' dir='ltr'>Piscibus</span> <span class='ocrx_word' id='word_1_302' title='bbox 577 2540 782 2590; x_wconf 62' lang='lat' dir='ltr'>Erigonen,</span> <span class='ocrx_word' id='word_1_303' title='bbox 804 2540 1004 2591; x_wconf 72' lang='lat' dir='ltr'>Iunonique</span> <span class='ocrx_word' id='word_1_304' title='bbox 1034 2541 1221 2589; x_wconf 74' lang='lat' dir='ltr'>Vrnacque</span> <span class='ocrx_word' id='word_1_305' title='bbox 1243 2539 1396 2576; x_wconf 79' lang='lat' dir='ltr'>Leonem</span> <span class='ocrx_word' id='word_1_306' title='bbox 1419 2552 1484 2589; x_wconf 79' lang='lat' dir='ltr'>ap-</span> 
     </span>
    </p>
   </div>
  </div>
 </body>
</html>
