1786 2878
768 160 793 190 Ῐ
1455 165 1480 205 3

86 272 234 308 amissis
261 271 451 318 sideribus,
472 270 570 308 laeta
599 272 748 317 renatis,
773 271 896 320 impar
924 272 1052 308 uarios
1080 272 1154 308 dies
1183 272 1382 309 dci-cernere
1401 273 1480 309 suis

85 336 232 385 causis]
269 335 391 374 Bentl.
454 336 529 374 Sed
567 337 691 385 impar
727 336 766 373 in
796 340 973 385 poterant
1007 337 1169 374 cessisse
1217 337 1302 386 quis
1348 337 1480 374 credat

85 401 289 440 Bentleio?
346 401 488 440 Melius
522 401 842 451 palaeographiae
877 402 1094 440 consultum
1133 402 1322 448 existimo,
1354 403 1384 439 si
1418 415 1479 439 nec

85 469 220 505 similis
239 468 279 505 in
301 481 373 505 non
392 468 528 505 similis
547 467 763 516 refingatur‚
784 474 824 505 ut
844 480 914 504 non
935 467 983 504 ad
996 471 1170 516 poterant
1186 467 1382 513 referatur,
1397 480 1477 505 non

85 533 134 571 ad
148 534 294 580 similis,
312 533 384 571 hac
401 532 679 582 significatione
696 547 703 571 :
734 545 814 571 non
830 539 1006 582 poterant
1022 533 1100 570 suis
1115 533 1242 570 causis
1258 533 1474 571 discernere

85 599 233 637 dierum
267 605 304 636 et
336 599 507 636 noctium
533 598 775 643 uariationes,
805 610 877 636 nec
911 611 980 636 cur
1009 598 1150 636 similes
1180 604 1315 636 noctes
1342 598 1478 636 diebus

84 665 217 702 fierent
243 665 315 702 sub
338 664 595 713 aequinoctio,
616 676 704 701 cum
724 663 780 702 sol
801 664 920 701 modo
941 664 1116 700 autumni
1136 670 1310 713 tempore
1331 676 1477 713 regres-

84 742 170 768 sum
189 730 330 768 faceret
356 736 394 767 et
418 741 622 775 recessum,
644 729 764 767 modo
790 730 889 767 ueris
915 729 1085 767 aduentu
1115 729 1273 779 propior
1297 729 1477 767 admotus

83 807 294 834 accessum.
351 794 442 833 Non
461 794 602 833 factum
622 801 678 832 est
698 808 759 832 nec
780 795 830 832 II.
852 797 941 833 882.

137 861 167 898 Ι.
189 863 238 908 84

221 927 291 974 ‚In
320 938 526 964 commune
555 927 704 964 bonum
734 929 1023 965 †commentum
1053 926 1151 963 laeta
1182 925 1380 963 dederunt.

137 991 315 1030 Fortasse
334 993 581 1029 coniunctim:
612 1004 703 1029 narn
722 1005 905 1030 commune
934 991 1063 1029 bonum
1084 1004 1131 1028 ex
1160 990 1340 1029 Lucretio
1362 991 1476 1029 traxit

81 1070 116 1095 v.
137 1060 226 1106 958.
276 1054 502 1109 [commenti
518 1054 743 1108 Hauptius]

136 1124 164 1161 Ι.
189 1125 319 1172 95-98
341 1123 395 1160 sic
416 1129 547 1160 extant
567 1122 606 1159 in
626 1121 782 1160 Gembl.

189 1188 333 1226 Omnia
362 1187 543 1226 conando
572 1188 705 1226 docilis
735 1187 902 1226 sollertia
930 1187 1021 1224 uicit

188 1252 273 1291 Nec
300 1253 403 1303 prius
430 1253 615 1302 imposuit
644 1254 758 1291 rebus
787 1253 980 1303 finemque
1010 1264 1246 1302 manumque

189 1319 320 1365 Quam
349 1318 501 1356 coelum
531 1317 615 1370 (sic)
644 1319 816 1356 ascendit
845 1319 941 1356 ratio
970 1319 1148 1367 cepitque
1177 1317 1409 1366 profundam

188 1384 378 1422 Naturam
407 1396 533 1421 rerum
563 1384 686 1422 causis
715 1384 884 1433 uiditque
914 1384 1019 1433 quod
1047 1395 1211 1433 usquam
1240 1391 1308 1420 est.

136 1460 184 1499 97
209 1449 442 1500 profundam
454 1451 561 1486 etiam
577 1450 794 1499 szpsz'ensz‘s,
810 1453 890 1486 teste
902 1448 1033 1486 Iacobo
1047 1448 1282 1498 profundum
1305 1448 1478 1485 ls'ossz'anz·

79 1521 113 1553 et
133 1516 222 1554 Cus.
280 1518 329 1564 98
351 1527 553 1564 rerumque
574 1513 679 1552 causs
712 1512 823 1552 Voss.2
862 1526 1066 1563 rerumque
1087 1514 1212 1552 causis
1244 1514 1356 1552 Voss}

134 1581 198 1619 An
227 1580 500 1631 corrigendum
529 1585 608 1617 erat

674 1646 852 1694 cepitque
883 1644 1114 1694 profundam

241 1711 430 1749 Naturam
458 1722 662 1761 rerumque
690 1711 808 1748 chaos

78 1777 141 1816 uel

131 1842 367 1893 profundum
388 1841 558 1880 Naturae
578 1854 783 1892 rerumque
805 1842 952 1880 chaos?
1009 1840 1067 1879 Cf.
1094 1851 1167 1889 125
1189 1840 1263 1878 Seu
1273 1842 1471 1890 permixta

77 1909 186 1947 chaos
206 1921 330 1946 rerum
342 1908 556 1957 primordia
576 1909 756 1957 quondam
772 1907 969 1945 Dl'screuz't
978 1911 1108 1956 parta.

131 1975 161 2013 Ι.
186 1985 273 2023 155,
299 1977 373 2022 156

240 2041 375 2078 Tertia
403 2052 486 2078 sors
515 2040 638 2078 undas
667 2040 799 2077 strauit
828 2040 1041 2088 fluctusque
1071 2045 1246 2076 natantes

240 2107 421 2155 Aequora
448 2105 613 2155 perfudit
643 2109 724 2144 toto
753 2106 952 2143 nascentia
982 2112 1115 2154 ponto,

78 2172 130 2210 sic
151 2172 302 2210 Gembl.
349 2172 528 2209 Emendo

673 2237 865 2286 fluctuque
894 2243 1049 2273 natante

239 2303 422 2353 Aequora
449 2302 610 2352 perfudit
641 2309 722 2340 toto
751 2302 949 2340 nascentia
979 2308 1113 2351 ponto,

77 2369 114 2407 h.
128 2382 160 2407 e.
180 2369 288 2406 tertia
315 2381 398 2406 sors
428 2366 587 2418 (aquae)
615 2367 745 2405 strauit
772 2367 895 2404 undas
926 2366 1088 2416 fecitque
1118 2372 1159 2403 ut
1187 2377 1355 2415 aequora
1384 2365 1469 2402 ubi-

78 2446 245 2484 cumque
269 2434 537 2478 nascebantur,
558 2433 780 2482 superfusos
811 2433 881 2469 sibi
911 2432 1048 2470 fluctus
1078 2432 1264 2469 haberent
1293 2431 1358 2479 qui
1388 2443 1467 2468 non

77 2500 181 2548 plani
209 2500 387 2545 iacerent,
408 2499 476 2537 sed
495 2504 712 2536 aestuantes
731 2498 806 2535 huc
826 2498 912 2536 illuc
932 2498 1128 2536 ferrentur.
1186 2496 1287 2534 Nam
1309 2509 1467 2545 aequora

79 2571 167 2602 sunt
187 2565 301 2615 plana
321 2564 541 2614 superficies
561 2564 675 2601 maris
696 2576 810 2612 super
829 2576 945 2612 quam
966 2563 1103 2601 fluctus
1124 2569 1267 2600 natant.

730 2642 751 2666 B
785 2642 802 2665 2
