1786 2878
251 144 306 186 30
665 137 861 170 NOCTES
889 136 1220 168 MANJLJANAE

252 259 466 309 significare
498 260 643 306 ‘neque
670 268 718 293 eo
747 261 877 293 tamen
907 255 1034 292 minus
1067 261 1124 292 est
1158 253 1378 304 quaerenda
1413 253 1506 292 fides
1539 253 1642 291 unde

253 325 500 363 confirmetur
533 322 628 359 haec
667 318 818 371 opinio'
850 332 902 358 sc.
934 328 1084 358 terrena
1117 320 1205 358 duci
1234 320 1486 358 caelestibus:
1526 331 1643 368 quarn

253 390 369 428 fidem
390 389 574 427 continuo
602 386 799 435 subiungit
818 398 866 424 ex
897 385 1041 436 reliquo
1070 398 1184 424 cursu
1211 392 1381 431 naturae,
1402 386 1455 422 sic
1474 389 1649 434 temperat

252 469 351 493 arua
395 454 546 493 Caelum
584 458 657 491 etc.
715 451 913 501 Plerisque
951 459 1081 489 tamen
1119 451 1243 501 magis
1280 450 1445 500 placebit
1483 449 1645 488 Bentleii

252 520 473 559 emendatio
487 518 569 556 lVec
588 518 698 555 nimis
717 522 770 555 est
786 517 994 566 quaerenda
1004 518 1126 567 fides:
1156 517 1191 554 h.
1209 529 1240 554 e.
1263 522 1400 566 sponte
1422 528 1461 553 se
1482 515 1647 553 offerent

252 592 479 636 argumenta
507 584 646 634 quibus
675 583 750 621 hoc
780 583 972 632 probetur.
1030 582 1139 620 Idem
1168 590 1255 632 post
1285 582 1379 620 dixit
1404 594 1477 629 129
1508 580 1584 619 Sed
1605 593 1647 617 ne

251 653 412 690 circuilu
434 652 540 699 longo
561 649 756 700 mangfesla
768 648 983 698 probemur.

307 717 359 755 II.
381 729 431 766 93
453 727 536 765 sqq.
566 715 620 752 sic
640 714 777 752 tradita
797 720 885 752 sunt
905 714 943 751 in
963 713 1117 751 Gembl.

417 781 457 819 Si
486 781 686 819 submersa
714 780 818 817 fretis
846 779 1084 817 concharum
1113 786 1151 817 et
1179 791 1330 817 carcere
1358 778 1526 816 clausa*

414 846 478 884 Ad
505 846 620 884 lunae
649 852 798 883 motum
825 845 976 883 uariant
1004 845 1183 882 animalia
1212 856 1353 894 corpus

337 923 386 962 95
417 912 467 950 Et
495 924 585 950 cum
614 911 757 949 damna
785 917 869 948 tuas
898 911 1094 948 imitantur
1123 909 1236 948 Delia
1265 910 1366 947 uires

416 978 482 1015 Tu
511 989 668 1027 quoque
697 976 870 1014 fraternis
899 977 954 1014 sic
984 976 1111 1013 reddis
1141 976 1315 1014 curribus
1345 986 1414 1012 ora

415 1044 545 1094 Atque
574 1043 710 1080 iterum
739 1054 786 1080 ex
806 1041 957 1079 hisdem
986 1042 1136 1091 repetis,
1167 1049 1433 1092 quantumque
1463 1039 1644 1090 relinquis

417 1110 496 1147 Aut
525 1108 629 1147 dedit
658 1108 721 1146 ille
748 1107 860 1146 refert
889 1114 926 1145 et
955 1107 1060 1145 sidus
1090 1107 1213 1145 sidere
1243 1114 1409 1144 constas.

309 1185 359 1225 95
390 1174 508 1222 Quod
535 1186 624 1212 curn
655 1173 834 1211 Vossz'anz‘.
881 1182 930 1222 97
963 1173 1112 1223 reliquit
1133 1173 1153 1210 b
1174 1172 1352 1221 relinquit
1372 1184 1402 1208 0.
1453 1174 1502 1220 98
1529 1169 1647 1208 refers

255 1242 275 1280 b
294 1247 328 1279 el
345 1241 516 1289 Scalzgrer
535 1246 690 1277 constas
707 1240 814 1276 eliam
834 1239 854 1277 b
875 1246 1058 1276 constans
1081 1238 1254 1276 Vossz'am'
1268 1251 1349 1274 cum
1371 1250 1389 1274 0
1408 1241 1442 1274 et
1450 1237 1650 1286 plerisque.

311 1307 387 1345 Pro
416 1305 473 1343 Et
498 1318 578 1342 cum
604 1304 798 1342 Bentleius
822 1305 925 1342 dedit
950 1304 1008 1341 Et
1034 1308 1124 1341 lua:
1152 1304 1312 1354 propius
1343 1304 1391 1340 ad
1423 1303 1566 1340 litteras
1593 1309 1650 1339 est

261 1373 391 1410 Tecum
412 1373 558 1417 damna,
587 1375 671 1408 luas
700 1371 907 1415 imitantur,
927 1369 1052 1417 Delia,
1075 1370 1183 1406 uires.
1241 1369 1329 1406 Pari
1356 1368 1475 1406 modo
1504 1368 1543 1404 in
1572 1369 1648 1415 378

256 1451 328 1488 pro
348 1437 413 1483 Et,
434 1436 539 1474 unde
564 1448 699 1474 uersus
728 1436 876 1474 initium
904 1435 1018 1482 ducit,
1039 1435 1162 1474 codex
1189 1434 1274 1473 coll.
1296 1434 1483 1484 Corporis
1510 1433 1651 1471 Christi

258 1502 310 1556 (o)
331 1504 446 1541 habet
469 1502 551 1540 Ele.
607 1502 757 1540 Eadem
777 1508 834 1540 est
854 1500 1110 1539 conformatio
1130 1512 1264 1539 uersus
1285 1500 1315 1538 Ι.
1338 1501 1415 1537 626
1442 1499 1481 1536 T
1474 1513 1491 1536 e
1512 1498 1653 1549 Capri-

257 1583 364 1608 corne
386 1570 526 1617 tuisque
545 1567 727 1617 Aquilam
748 1568 918 1616 designat
934 1567 980 1604 ab
1000 1568 1127 1605 astris.

314 1647 350 1672 u.
381 1637 430 1684 96
453 1633 650 1671 Bentleius
671 1634 724 1671 sic
744 1633 961 1682 corrigebat

531 1699 596 1736 Tu
627 1710 783 1748 quoque
812 1697 986 1736 fraternis
1016 1698 1047 1735 si
1075 1697 1202 1747 perdis
1231 1698 1271 1735 in
1300 1697 1430 1735 oribus
1460 1709 1541 1743 ora,

261 1765 331 1805 sed
361 1777 488 1815 neque
518 1763 593 1802 hoc
624 1776 695 1801 nec
724 1763 830 1813 quod
858 1763 1047 1801 Bullialdo
1077 1763 1272 1812 placuerat

531 1829 596 1867 Tu
625 1841 780 1879 quoque
809 1828 983 1867 fraternis
1011 1828 1138 1866 reddis
1168 1828 1220 1866 sic
1250 1828 1381 1866 oribus
1410 1840 1491 1873 ora,

261 1897 355 1936 mihi
374 1895 530 1946 quidem
552 1894 797 1932 satisfaciunt.
853 1894 889 1931 A
909 1893 1117 1932 litterarum
1137 1893 1254 1931 ductu
1273 1894 1432 1943 propius
1453 1895 1560 1932 abest

531 1960 596 1997 Tu
626 1972 780 2010 quoque
809 1959 984 1997 fraternis
1013 1959 1043 1997 si
1071 1959 1195 1997 credis
1224 1959 1397 1997 curribus
1425 1971 1494 1997 ora

261 2035 303 2066 ut
323 2027 437 2064 Luna
457 2025 614 2071 dicatur,
636 2038 726 2063 cum
747 2032 894 2075 partem
919 2025 977 2063 sui
1006 2025 1160 2062 luminis
1185 2025 1321 2070 amisit,
1354 2024 1454 2062 Solis
1483 2024 1656 2063 curribus

261 2091 545 2137 commodasse,
576 2103 692 2141 quam
723 2103 863 2136 rursus,
893 2102 982 2129 cum
1011 2090 1128 2140 pleno
1157 2091 1251 2128 orbe
1279 2089 1410 2140 fulget,
1441 2103 1488 2127 ex
1518 2090 1656 2128 eodem

263 2159 345 2196 sole
375 2160 532 2207 repelz't,·
571 2162 722 2194 tantum
752 2157 801 2193 ab
835 2168 883 2194 eo
918 2155 1085 2193 referens
1115 2155 1268 2193 luminis
1298 2162 1485 2205 quantum
1515 2155 1599 2205 ipsa
1621 2156 1656 2193 ei

262 2224 476 2273 reliquerat.
534 2222 670 2272 Itaque
689 2221 881 2271 relinquis,
896 2221 1003 2272 quod
1023 2221 1213 2259 ueterrimi
1233 2221 1386 2259 codices
1406 2220 1562 2267 habent,
1576 2232 1657 2259 non

262 2290 331 2328 erit
352 2289 390 2326 in
410 2289 587 2337 relinquit
604 2287 844 2325 mutandum.

320 2355 382 2392 An
403 2361 625 2404 corruptum
642 2359 698 2391 est
713 2352 887 2390 curribus
901 2365 947 2390 ex
963 2352 1170 2390 occursibus
1185 2354 1207 2389 fi
1235 2350 1323 2389 Sen.
1338 2351 1386 2389 ad
1402 2350 1593 2390 Marciam
1609 2351 1657 2390 de

308 2463 326 2482 *
350 2463 479 2495 Pallad.
496 2463 564 2495 xiii.
582 2462 601 2494 6
618 2462 717 2494 Nunc
733 2461 830 2493 etiam
848 2462 964 2504 quibus
982 2462 1057 2493 litus
1079 2462 1112 2493 in
1136 2461 1240 2492 fructu
1257 2465 1314 2499 est,
1333 2461 1388 2492 ubi
1412 2460 1507 2492 lunae
1531 2460 1657 2492 iuuabit

265 2512 489 2549 augmentum,
513 2517 596 2548 quae
624 2506 771 2537 omnium
795 2506 979 2537 clausorum
1003 2506 1102 2538 maris
1124 2505 1314 2537 animalium
1338 2510 1435 2546 atque
1459 2505 1657 2536 concharum

265 2553 355 2583 iubet
373 2552 573 2583 incremento
589 2561 649 2582 suo
666 2550 811 2582 membra
827 2555 961 2590 turgere.
