1786 2878
821 144 882 176 JV
1458 142 1538 186 145

151 268 298 295 manno
325 254 515 306 refragari,
545 253 608 304 qui
642 253 787 304 primus
816 251 1049 291 Lucretiano
1083 252 1208 290 uersui
1243 251 1292 289 iii.
1324 260 1399 300 917
1436 251 1544 297 Quod

149 323 234 359 sitis
261 326 403 360 exurat
427 322 576 358 miseros
604 324 709 368 alque
735 319 847 355 arida
877 323 993 355 torret
1016 318 1087 369 (sic
1108 317 1143 354 A
1173 330 1225 354 m.
1250 329 1319 366 pr„
1341 321 1464 354 lorral
1484 316 1540 367 B)

151 386 428 425 restituendum
450 386 596 436 putauit
616 390 743 422 torres.
803 386 812 401 ‘
827 384 873 422 Id
888 383 1122 421 uocabulum
1134 381 1142 394 ⁷
1158 381 1229 433 (sic
1245 381 1539 430 Lachmannus)

151 459 209 490 est
237 453 276 489 in
304 452 492 502 glossario
521 450 662 500 Cyrilli,
683 451 869 496 ἀπόκαυμα,
890 449 1069 495 uslz'lacz'o,
1092 452 1218 485 torres.
1279 447 1423 485 Similia
1451 453 1540 485 sunt

150 519 248 555 labes
267 518 362 555 tabes
371 517 485 567 pubes
502 521 645 565 torques
661 522 780 564 saepes
796 516 902 552 moles
921 515 1030 552 nubes
1048 515 1143 551 sedes
1163 513 1335 562 ambages
1353 520 1540 562 compages

151 588 319 632 contages
339 580 467 632 rupes?
513 582 618 619 Hinc
639 580 814 629 Georges
835 581 874 617 in
894 579 1038 616 Lexico
1060 584 1176 616 forres
1194 579 1421 616 femininum
1441 578 1539 623 fecit,

151 655 189 686 et
222 660 244 685 a
277 648 490 685 masculino
521 647 637 684 torris
670 645 857 683 discreuit.
913 645 1033 682 Aliter
1066 644 1125 682 De
1157 644 1224 681 Vit
1256 645 1295 680 in
1329 644 1540 682 nouissima

151 714 320 751 editione
358 712 467 750 lexici
505 711 773 750 Forcelliniani
810 711 874 747 ubi
913 710 1105 759 duplicem
1149 721 1306 747 sensum
1349 710 1421 746 sub
1459 720 1539 745 uno

152 779 343 816 uocabulo
385 777 426 815 T
419 778 519 816 orris
565 788 888 822 commemorans,
928 775 1099 813 feminini
1142 775 1292 825 generis
1335 787 1416 812 non
1453 773 1539 812 fecit

151 844 399 882 mentionem.

205 910 268 947 Ad
291 909 391 947 hanc
420 921 502 947 rem
530 920 628 958 quae
658 907 805 957 reperio
834 907 926 945 haec
955 913 1053 944 sunt.
1110 904 1171 956 (1)
1193 906 1411 944 Priscianus
1431 918 1465 942 v.
1489 917 1536 951 42

152 975 191 1027 (i.
214 977 285 1025 169
307 975 412 1026 Keil)
432 975 547 1012 torris
566 981 602 1010 et
622 973 877 1010 masculinum
898 980 935 1010 et
956 972 1181 1009 femininum
1201 972 1299 1009 fecit.
1342 970 1539 1008 Sciendum

151 1046 282 1086 lamen,
311 1041 408 1089 quod
431 1040 673 1077 uetustissimi
697 1040 736 1075 2⁴72
766 1039 899 1086 mullis,
933 1043 975 1074 ul
1002 1038 1182 1081 derimus,
1207 1044 1325 1086 supra
1355 1037 1539 1072 dictarum

150 1107 446 1144 lermz'nalz'onum
466 1106 708 1142 inueniuntur
728 1103 936 1154 corficdz'sse
954 1116 1103 1152 genera,
1124 1103 1229 1139 nulla
1254 1101 1540 1150 szgrnzj‘icalionzs

152 1171 359 1222 dzfferenlz'a
387 1171 511 1217 coacti,
542 1171 606 1208 sed
629 1171 707 1207 sola
736 1170 960 1214 auctor-itale,
990 1173 1032 1205 ul
1059 1198 1065 1205 .
1097 1197 1105 1205 .
1135 1197 1142 1205 .
1173 1168 1233 1204 lzz’c
1260 1172 1293 1204 et
1320 1167 1404 1203 haec
1419 1166 1538 1215 faex,

152 1238 287 1275 rudens
314 1240 333 1274 ὁ
360 1240 535 1284 πρότονος,
566 1266 574 1273 .
606 1265 614 1273 .
645 1264 653 1273 .
682 1248 793 1272 senex
821 1236 935 1283 stirps
961 1235 1074 1271 larris
1103 1236 1121 1269 ὁ
1145 1235 1246 1270 δαλός
1270 1234 1391 1269 tiaras
1415 1231 1541 1268 Tibris

152 1304 277 1340 amnis
295 1303 435 1351 torquis
454 1306 589 1338 trames
609 1307 733 1349 uesper
751 1300 796 1337 lzz'
812 1304 844 1336 et
865 1300 931 1336 hae
951 1306 1084 1348 uepres.

207 1367 266 1419 (2)
301 1367 435 1405 Torrz's
471 1379 561 1404 cum
598 1365 723 1403 facem
762 1365 959 1414 significat,
999 1364 1188 1401 interdum
1230 1362 1539 1402 terminationem

153 1433 311 1471 uariauit
330 1440 366 1470 et
387 1433 510 1470 dictus
530 1439 586 1470 est
608 1436 733 1468 torres.
777 1430 939 1468 Glossae
960 1430 1159 1467 nominum
1182 1429 1220 1465 in
1237 1428 1363 1466 Gloss.
1381 1427 1539 1464 Latino-

153 1497 292 1536 Graec.
315 1499 374 1536 ed.
396 1497 498 1536 Gotz
527 1511 562 1547 p.
587 1508 663 1545 595
692 1502 808 1533 torres
837 1497 927 1533 lilio.
984 1495 1102 1544 Corp.
1123 1494 1408 1532 Glossariorum
1436 1492 1482 1530 iv.
1503 1504 1539 1542 p.

155 1574 230 1613 397
253 1563 354 1602 Gotz
374 1568 489 1601 torres
512 1565 653 1613 lzgrnum
667 1567 851 1611 peroslum
874 1562 932 1597 uel
947 1562 1092 1597 siccum.

208 1626 312 1664 Nihil
338 1627 450 1676 igitur
476 1627 631 1664 interest
656 1625 695 1662 in
720 1637 833 1662 uersu
854 1623 1003 1661 Manilii
1023 1623 1092 1660 IV.
1117 1625 1191 1671 728
1213 1623 1327 1659 lorrz's
1351 1633 1401 1658 an
1423 1625 1540 1658 torres

153 1693 348 1730 scribatur.
404 1692 695 1740 Vtrumcunque
721 1690 912 1734 malueris,
933 1689 1035 1726 idem
1059 1688 1300 1738 significabit,
1322 1689 1425 1723 δαλόν
1452 1686 1514 1724 uel
1529 1685 1538 1703 ¹

152 1760 297 1803 πυρσόν.
352 1757 440 1795 Alia
465 1756 740 1807 significatione
761 1754 960 1792 Lucretius
989 1755 1100 1791 arida
1129 1758 1255 1799 torres,
1277 1753 1306 1790 si
1335 1752 1455 1789 modo
1484 1752 1540 1789 sic

153 1823 313 1873 scripsit,
353 1830 390 1861 et
429 1822 611 1860 Manilius
648 1822 784 1859 sterilis
820 1825 950 1866 torres,
990 1819 1231 1857 induxerunt.
1302 1818 1393 1855 Hoc
1437 1817 1540 1854 enim

153 1888 379 1926 femininum
408 1895 557 1926 tantum
585 1887 700 1924 fuisse
729 1892 1035 1924 consentaneum
1065 1892 1133 1922 est.
1190 1884 1241 1920 At
1270 1884 1309 1920 in
1340 1882 1449 1920 Man.
1470 1882 1540 1920 IV.

156 1956 231 2003 728
253 1966 333 1992 non
352 1961 409 1992 est
428 1953 592 1991 ustilatio
611 1953 672 1990 uel
691 1952 823 1998 uredo,
847 1951 914 1988 sed
935 1951 1100 1989 torridus
1120 1950 1177 1988 sol
1199 1950 1430 1987 Poenorum.

208 2020 340 2057 Vnum
374 2026 544 2069 superest
575 2018 680 2068 quod
712 2018 1000 2055 inobseruatum
1034 2016 1163 2053 tulisse
1193 2015 1288 2052 alios
1313 2015 1441 2059 miror,
1467 2026 1540 2062 ego

153 2092 253 2124 certe
277 2097 489 2135 numquam
510 2084 549 2122 id
568 2083 743 2122 concoxi.
800 2082 900 2120 Dico
929 2082 1157 2131 productam
1185 2083 1204 2118 τ’
1223 2081 1261 2117 in
1281 2079 1540 2124 lllauritanea,

153 2151 260 2190 cuius
298 2163 378 2188 non
416 2150 506 2187 satis
543 2149 727 2187 idoneum
765 2154 867 2185 extat
904 2147 1136 2198 exemplum.
1193 2146 1369 2183 Profecto
1399 2144 1546 2181 Mauri

153 2216 344 2267 genitiuus
373 2222 454 2253 erat
476 2222 513 2253 et
539 2227 628 2253 cum
653 2214 742 2251 Oris
768 2213 1005 2251 cohaerebat.
1063 2212 1143 2249 Sub
1172 2216 1279 2248 tanea
1308 2210 1398 2259 quid
1428 2210 1541 2246 lateat

154 2282 247 2319 nihil
276 2294 338 2319 me
367 2282 458 2319 certi
492 2281 662 2318 diuinare
695 2279 890 2317 confiteor.
947 2278 1082 2316 Fuitne
1115 2279 1229 2323 belua,
1260 2277 1339 2314 siue
1373 2274 1540 2324 elephas,

155 2349 221 2397 qui
263 2360 352 2386 cum
394 2348 503 2397 niger
544 2353 641 2385 esset
680 2344 821 2395 (mgrz's
859 2345 986 2382 barris
1028 2344 1124 2382 Hor.
1165 2342 1292 2392 Epod.
1330 2341 1393 2378 xii.
1438 2340 1474 2391 1)
1518 2353 1541 2378 a

157 2413 305 2451 Mauris
333 2420 371 2451 et
397 2413 566 2451 colorem
595 2420 631 2450 et
660 2424 803 2449 nomen
836 2411 994 2448 traxisse
1023 2411 1132 2448 fictus
1160 2409 1269 2446 suerit
1298 2420 1321 2444 a
1351 2406 1540 2444 Manilio?

199 2493 210 2511 ¹
233 2493 286 2525 Sic
302 2494 471 2536 Oppianus
488 2494 567 2525 Hal.
584 2494 625 2524 iv.
645 2501 705 2533 353
719 2491 842 2531 Ἔξοχα
860 2489 922 2530 γὰρ
937 2491 1102 2532 πυρσοῖσιν
1118 2489 1164 2520 ἐπ’
1180 2488 1300 2529 ἠελίοιο
1322 2486 1474 2529 ’γάνυνται
1499 2487 1539 2518 de

157 2537 227 2570 sole
243 2537 335 2568 dixit.
381 2537 565 2569 Scholiasta
581 2538 627 2569 ibi
644 2536 821 2577 πυρσοῖσιν·
837 2535 956 2571 ἀκτῖσι,
972 2535 1041 2566 ταῖς
1055 2533 1265 2573 λαμπηδόσιν.

841 2601 863 2625 L
