1786 2878
515 124 585 156 AD
617 124 822 156 ARATEA
861 124 1152 157 GERMAAYCJ
1448 126 1526 171 237

297 230 504 281 Vnguibus
533 230 709 268 innocuis
739 229 950 280 Phrygium
979 231 1104 280 rapuit
1134 230 1392 280 Ganymeden

295 297 345 334 Et
374 297 451 334 telo
479 297 680 346 appositus
710 302 852 342 eustOS,
882 308 1003 345 quom
1032 296 1206 345 Iuppiter
1234 297 1326 334 arsit

191 374 268 410 320
299 362 346 399 In
374 373 509 411 puero,
540 361 606 399 luit
635 361 788 398 excidio
816 373 931 410 quem
961 361 1080 399 Troia
1109 361 1290 399 furorem.

189 437 264 477 317
287 427 348 465 hic
371 427 607 465 Catamitur'n
631 425 795 464 Orellius
818 439 910 464 aruo
933 415 1158 476 Brc'yszgsus
1178 428 1345 477 armiger
1364 427 1528 466 arduos:

132 492 193 530 hie
214 505 305 530 narn
325 491 578 530 Baehrensius
597 499 730 541 aptum
751 493 809 529 uel
826 492 971 530 audens
990 506 1064 542 ego,

186 558 517 596 Emendationum
556 558 661 594 nulla
700 557 890 596 satisfacit.
949 557 988 595 Si
1017 558 1138 596 Abda
1171 558 1210 595 in
1244 557 1349 596 MSS
1384 558 1529 597 factum

132 629 190 661 est
220 624 343 660 Ardet
375 626 453 670 640
482 623 605 661 Ardet
634 628 668 660 et
692 623 950 661 Andromedae
982 625 1108 661 uultus
1136 628 1170 661 el
1196 627 1368 662 maxima
1390 626 1530 673 pristis

132 689 199 726 ubi
225 696 326 727 recte
347 688 505 727 Grotius
531 689 752 727 emendauit
771 690 892 727 Abda
913 694 947 727 el
964 690 1194 728 Andromede
1221 692 1357 736 uultus,
1381 696 1528 740 poterat

131 760 259 804 aptum
291 755 330 791 in
362 755 497 791 ardum
531 754 665 792 uitiari.
733 754 877 793 Sensus
907 756 998 793 erit:
1039 768 1120 793 non
1151 762 1209 794 est
1242 756 1463 794 mirandum
1499 756 1530 793 si

132 820 287 869 Aquila,
312 820 484 857 ministra
509 819 612 857 Iouis
644 833 852 867 armorum,
882 821 921 857 in
951 821 1078 859 stellas
1106 821 1224 859 relata
1252 829 1320 860 est.
1376 822 1528 860 Eadem

133 892 264 923 tamen
302 891 358 922 est
396 897 495 934 quae
530 884 799 934 Ganymeden,
833 893 967 935 aptum
1007 887 1087 924 siue
1125 893 1298 936 aptatum
1335 888 1530 937 unguibus

133 951 186 988 ita
218 956 260 988 ut
297 962 378 987 non
412 957 596 988 nocerent
628 964 761 1001 puero,
792 953 840 989 ab
870 952 939 989 Ida
973 953 1106 1002 rapuit,
1136 960 1173 990 et
1201 959 1282 990 tum
1311 960 1440 991 custos
1474 961 1530 991 est

133 1016 309 1065 apposita
346 1015 507 1062 fulmini,
543 1028 622 1066 quo
656 1024 830 1067 tempore
862 1017 1033 1068 Iuppiter
1066 1017 1324 1068 Ganymeden
1358 1019 1529 1069 deperiit.

134 1082 301 1119 Additur
334 1086 464 1127 lamen,
499 1094 548 1119 ne
582 1082 667 1132 quis
700 1084 859 1121 miretur
889 1084 928 1120 in
962 1084 1079 1121 stellis
1117 1091 1382 1122 consecratam
1415 1097 1529 1122 auem

133 1159 232 1197 quae
269 1147 364 1184 tanti
402 1146 581 1185 facinoris
620 1149 775 1186 conscia
813 1148 935 1187 fuerit.
1000 1149 1110 1198 Eleg.
1144 1148 1321 1188 Maecen.
1358 1152 1405 1199 87
1443 1162 1530 1201 sqq.

133 1212 256 1249 Fudit
283 1212 444 1250 Aloidas
472 1218 667 1262 postquam
702 1215 908 1251 dominator
942 1214 1093 1264 Olympi
1116 1214 1275 1253 Dicitur
1303 1217 1342 1253 in
1371 1217 1529 1253 nitidum

128 1278 365 1327 procubuisse
397 1279 503 1324 diem,
534 1279 656 1328 Atque
688 1281 852 1328 aquilam
887 1282 1027 1317 misisse
1062 1293 1181 1326 suam,
1215 1294 1308 1330 quae
1344 1286 1534 1330 quaereret

132 1345 263 1393 ecquid
283 1344 415 1380 Posset
438 1349 609 1381 amalnro
635 1345 750 1393 digna
777 1347 918 1396 rfferre
938 1345 1034 1383 Ioui.
1101 1346 1203 1384 Valle
1226 1347 1292 1384 sub
1312 1347 1428 1384 Idaea
1453 1352 1528 1384 lum

133 1414 176 1455 le,
189 1409 385 1459 formonse
411 1410 589 1455 sacerdos,
612 1409 767 1448 Inueni!
787 1416 821 1448 el
834 1419 964 1460 presso
991 1412 1147 1449 molliter
1170 1425 1290 1460 ungue
1314 1415 1425 1460 rapit.
1483 1413 1530 1449 In

134 1472 274 1522 quibus
289 1479 415 1521 presso
434 1473 588 1510 molliler
611 1486 731 1522 ungue
750 1474 842 1523 quid
862 1481 919 1512 est
939 1474 1042 1513 aliud
1062 1487 1180 1525 quarn
1200 1480 1324 1525 aptum
1346 1475 1531 1525 unguibus

133 1538 338 1574 innocuis?

192 1612 268 1652 337
924 1605 1053 1643 uiuida
1082 1606 1218 1652 firmat,

300 1668 351 1706 At
380 1669 521 1718 quibus
550 1670 736 1710 †adstete
766 1670 922 1709 frondes
950 1679 1014 1709 aut
1044 1672 1228 1721 languida
1257 1671 1378 1718 radix,

297 1734 516 1771 Exanimat.

135 1799 282 1837 adstete
309 1799 536 1837 Basilz'ensz‘s
562 1805 596 1837 el
619 1800 839 1847 Parisinus,
869 1801 1006 1840 adflete
1032 1802 1329 1850 Arundelzkznus,
1351 1803 1531 1841 adsuetas

135 1864 380 1902 Bononiensis
400 1865 619 1915 (Boulogne
640 1878 704 1903 sur
723 1866 824 1915 mer)
843 1872 876 1904 el
892 1867 1082 1906 Susianus
1106 1868 1244 1907 Groliz'.

189 1931 356 1967 Adsulae
385 1930 555 1977 Grotius,
585 1933 750 1982 adseclae
779 1932 1026 1970 Burmannus
1061 1942 1097 1972 et
1128 1934 1304 1981 Orellius,
1333 1936 1533 1972 adslrz'clae

135 1995 402 2034 Baehrensius.
473 1996 565 2035 Non
599 1997 732 2035 dubito
765 1997 881 2037 fuisse
915 2001 1085 2050 adflalae.
1154 1999 1353 2050 Expressit
1382 2008 1419 2038 et
1448 2014 1532 2039 am-

135 2061 319 2111 plificauit
339 2062 449 2100 Arati
470 2074 624 2099 uersum

298 2129 351 2163 καὶ
378 2129 419 2163 τὰ
448 2129 510 2174 μὲν
538 2129 700 2174 ἔρρωσεν,
730 2133 796 2164 τῶν
824 2130 860 2164 δέ
892 2132 1004 2176 φλόον
1034 2130 1145 2167 ὤλεσε
1172 2133 1292 2168 πάντα.

139 2192 287 2229 Rursus
307 2192 354 2229 de
375 2192 514 2230 eodem
537 2193 634 2230 Sirio
655 2193 912 2232 Germanicus
933 2195 1134 2245 Prognost.
1158 2209 1208 2243 40
1229 2196 1391 2247 Breysig
1410 2201 1533 2235 serras

135 2270 217 2294 cum
238 2258 358 2308 Zelfir
377 2263 461 2295 ortu
482 2257 612 2296 Sirius
631 2260 800 2309 aaflauit.

194 2333 269 2371 347
302 2323 354 2360 Vt
384 2335 474 2361 cum
503 2324 710 2362 decurrens
740 2325 885 2362 inhibet
915 2326 990 2364 iam
1021 2327 1150 2364 nauita
1179 2339 1308 2366 remos

299 2389 568 2439 Auersamque
598 2395 719 2427 ratem
749 2391 850 2428 uotis
880 2391 1084 2430 damnatus
1114 2393 1163 2430 ab
1193 2405 1259 2431 ore

302 2453 475 2503 Perlegit.

138 2519 192 2555 ad
207 2531 310 2556 oram
331 2519 510 2567 Perlz‘gal
526 2519 707 2559 Grotius:
738 2533 806 2558 cur
826 2533 906 2559 non
925 2523 971 2560 ab
990 2535 1057 2560 ora
1069 2525 1090 2559 ,ν’
