1786 2878
820 120 852 151 V
1450 125 1527 165 191

137 230 239 263 recte
277 223 457 262 traditum
491 224 618 270 credo,
653 236 733 262 non
773 225 909 262 uitiose
948 238 1019 275 pro
1056 237 1103 263 eo
1138 225 1242 275 quod
1282 227 1528 264 scribendum

136 290 255 328 fuerat
274 301 413 328 remex.
471 289 547 327 Sed
574 302 698 340 neque
725 290 765 327 in
792 290 870 327 ullo
894 291 1000 328 bono
1027 292 1213 340 scriptore
1235 292 1273 329 id
1297 292 1532 330 uocabulum

135 355 277 401 inueni,
297 367 369 393 nec
390 353 498 393 facile
519 355 623 393 dicas
643 367 712 393 cur
733 367 814 393 non
836 356 966 404 potius
988 355 1175 395 Manilius
1197 357 1392 407 scripserit

582 433 711 458 remex
741 420 897 458 furtiuos
926 421 965 458 in
995 416 1090 470 ipso.

191 487 327 538 Itaque
351 487 578 526 Geuartium
603 486 731 536 potius
761 498 913 536 sequor,
939 487 990 523 ita
1016 493 1147 525 tamen
1173 494 1214 525 ut
1241 488 1424 528 latentem
1451 503 1534 528 rear

137 552 214 590 dici
235 566 314 591 non
336 554 464 603 ipsum
485 559 711 596 natatorem‚
734 551 801 588 sed
820 564 981 597 remum,
1004 552 1065 590 cui
1087 561 1344 602 comparatur.

190 631 230 656 u.
261 628 337 667 427
374 625 525 657 natator
559 617 786 655 describitur
818 624 943 654 rectus
982 618 1021 654 in
1060 630 1201 668 aquam
1239 619 1460 668 ingrediens
1495 628 1532 659 et

138 684 248 733 quasi
275 685 466 734 spatians;
505 690 562 721 est
599 683 703 720 enim
742 686 911 731 ‘passum
943 688 1079 730 notare,
1122 691 1257 722 natatu
1287 698 1444 734 passum
1475 700 1531 724 re-

137 749 234 787 ferre
271 756 309 788 et
339 750 550 799 exprimere
589 755 626 786 et
664 748 703 784 in
738 748 847 797 aquis
887 749 990 786 uelut
1029 750 1067 786 in
1106 762 1248 799 campo
1287 758 1412 789 erecte
1451 764 1533 789 am-

138 815 302 853 bulantis
349 815 517 864 speciem
563 812 873 863 repraesentare’
905 814 1135 852 Geuartius:
1196 818 1204 834 ‘
1221 828 1293 854 nos
1342 816 1531 854 dicimus:

138 878 424 927 wassertreten,'
446 880 625 927 Iacobus,
649 879 789 929 scripto
810 886 938 917 tamen
960 886 1185 930 passumque
1205 882 1358 928 natabit,
1382 883 1533 920 duriore

138 952 326 983 structura
359 945 579 984 accusatiui.

193 1010 241 1048 V.
264 1024 447 1059 429—432
471 1011 524 1048 sic
545 1018 677 1049 extant
697 1011 736 1047 in
757 1010 911 1049 Gembl.

301 1077 380 1114 Aut
408 1077 568 1114 immota
597 1076 722 1114 ferens
752 1077 791 1113 in
820 1084 950 1126 tergus
979 1078 1154 1115 membra
1183 1077 1357 1129 latusque

194 1155 272 1191 430
302 1141 395 1180 Non
424 1143 597 1180 onerabit
625 1154 744 1192 aquas
774 1143 1012 1192 summisque
1041 1145 1244 1182 accumbet
1274 1145 1311 1182 in
1342 1145 1456 1183 undis

301 1207 564 1257 Pendebitque
594 1220 707 1256 super
736 1215 858 1245 tutum
888 1209 968 1245 sine
998 1210 1141 1258 remige
1170 1217 1305 1247 uotum
1334 1218 1392 1248 est

301 1273 380 1310 Illis
410 1274 449 1310 in
478 1280 597 1322 ponto
627 1273 839 1310 iocundum
868 1281 924 1311 est
954 1286 1135 1324 quaerere
1165 1282 1342 1323 pontum.

195 1351 267 1387 431
306 1345 428 1377 totum
469 1337 579 1375 Voss}
614 1338 703 1376 Cus.
734 1346 869 1375 uotum
904 1347 961 1376 est
1001 1338 1111 1377 Voss}
1145 1340 1234 1378 Cas.
1270 1341 1533 1391 Pendebitque

138 1412 329 1454 pretotum
351 1404 431 1441 sine
452 1404 636 1453 remigere
655 1412 787 1441 uetum
808 1412 864 1442 est
895 1403 1009 1442 Voss?

195 1469 390 1507 Bentleius
417 1469 536 1506 edidit
562 1474 674 1506 tolum
699 1471 776 1506 ssne
802 1471 939 1518 remige
965 1471 1083 1507 uelum
1109 1476 1171 1517 est,
1193 1471 1360 1510 Iacobus
1386 1477 1530 1509 lantum

139 1536 217 1572 sine
245 1536 380 1583 renge
407 1536 536 1581 uelum,
557 1535 702 1573 omisso
728 1540 789 1581 est,
812 1535 971 1573 fortasse
997 1544 1120 1574 recte:
1162 1537 1229 1575 sed
1257 1550 1336 1575 non
1363 1545 1442 1575 erat
1469 1551 1536 1576 cur

139 1605 250 1637 lolzmz
267 1600 353 1638 loco
371 1600 532 1638 cederet.
582 1600 805 1650 Scripserim
822 1606 932 1638 lotum
953 1603 1030 1638 sine
1045 1603 1180 1650 renge
1196 1604 1313 1639 uelum
1333 1606 1372 1640 ‘a
1389 1604 1535 1653 totality

140 1666 184 1704 of
213 1666 281 1703 sail
310 1665 468 1704 without
500 1664 589 1703 oar.⁷
646 1665 746 1703 Vide
776 1679 874 1715 quae
904 1667 953 1703 ad
981 1666 1118 1705 Catull.
1149 1667 1226 1704 xiii.
1262 1681 1308 1714 14
1342 1668 1534 1707 adnotaui.

140 1731 298 1780 Optime
328 1730 522 1768 Bentleius
553 1735 615 1768 ‘ut
646 1743 761 1780 supra
788 1744 824 1768 u.
855 1742 931 1780 425
959 1730 1072 1783 (426)
1099 1740 1181 1770 erat
1210 1746 1335 1771 remus
1363 1734 1534 1781 furtiuus,

139 1796 191 1834 ita
211 1809 314 1834 nunc
335 1803 468 1834 contra
489 1796 640 1834 diuerso
662 1798 818 1834 natandi
839 1798 969 1843 modo,
991 1798 1121 1835 uelum
1146 1805 1202 1836 est
1223 1799 1304 1836 sine
1325 1800 1455 1837 remo.⁸

196 1875 270 1910 432
302 1861 390 1899 Illis
418 1863 457 1899 in
484 1867 597 1912 ponto
627 1864 822 1900 iocundum
851 1868 904 1900 esl
931 1877 1104 1912 quaerere
1129 1869 1284 1913 pontum
1315 1864 1536 1903 Gronouius

141 1927 344 1966 Obseruat.
365 1927 400 1964 ii.
426 1941 468 1965 11
497 1928 550 1966 sic
577 1928 742 1978 explicat
764 1929 832 1966 ‘In
856 1938 977 1978 ponto
1002 1942 1184 1979 quaerere
1211 1937 1372 1979 pontum
1402 1938 1458 1968 est
1485 1932 1536 1968 ita

139 1993 283 2030 uersari
303 1993 341 2029 in
360 2001 494 2042 ponto,
516 1994 625 2043 quasi
651 1994 712 2032 hic
739 2001 881 2043 pontus
907 2007 986 2032 non
1014 2002 1124 2040 esset,
1146 1995 1213 2032 sed
1241 1996 1537 2034 absconderetur

140 2058 309 2104 interius,
331 2070 410 2107 quo
439 2059 556 2096 mersi
586 2066 728 2096 natant.
785 2059 921 2097 Cicero
951 2060 989 2096 in
1010 2060 1181 2097 Verrinis
1208 2059 1273 2110 (iii.
1306 2063 1364 2098 18.
1391 2059 1458 2111 47)
1482 2063 1536 2098 sz'c

140 2127 223 2160 erat
253 2124 427 2174 deformis
459 2129 565 2173 alque
598 2125 775 2161 horridus
804 2122 972 2175 (campus
1005 2124 1222 2176 Leontinus)
1253 2131 1295 2163 ul
1326 2127 1365 2163 in
1394 2125 1533 2163 νηιίιίὶι1

142 2187 295 2226 Siciliae
309 2194 424 2238 parte
443 2189 615 2227 Siciliam
637 2203 838 2238 quaereres.
906 2190 1043 2228 Florus
1063 2191 1124 2228 lib.
1141 2191 1171 2228 I.
1191 2204 1273 2241 cap.
1294 2192 1355 2229 xvi
1376 2197 1418 2229 ut
1433 2193 1537 2229 hodie

141 2252 340 2291 Samnium
363 2256 401 2291 in
422 2256 497 2304 ipso
522 2254 677 2292 Samnio
698 2254 955 2304 reqaz'ralzcr2.'

185 2350 196 2368 ¹
219 2351 274 2383 Sic
291 2352 500 2385 Gronouius:
525 2353 654 2385 codices
670 2353 1127 2395 uberrz'ma-quaercremus.

185 2394 198 2412 ²
222 2396 338 2427 Paucis
369 2397 515 2438 placebit
542 2397 708 2428 Carrionis
734 2397 902 2428 inuentum
926 2399 1038 2439 Antiq.
1065 2399 1155 2430 Lect.
1185 2398 1219 2429 ii.
1252 2398 1289 2429 18
1319 2398 1537 2440 Pendebz’tque

142 2443 368 2479 superlatum
392 2440 464 2471 sine
488 2441 619 2481 remige.
643 2445 757 2471 uotum
776 2445 823 2471 est
838 2441 914 2471 Illis
931 2441 967 2472 in
985 2447 1095 2482 ponto.
1116 2442 1292 2473 iocundum
1314 2447 1359 2473 cst
1383 2453 1537 2483 quaerere

137 2486 293 2522 pontum.
342 2483 438 2514 Haec
453 2484 570 2515 Carrio
587 2494 672 2514 anno
692 2483 773 2524 1576
790 2484 894 2515 tribus
910 2486 1002 2516 annis
1021 2490 1096 2516 ante
1121 2485 1278 2526 Scaligeri
1300 2486 1350 2517 ed,
1372 2495 1399 2523 Ι,
1417 2487 1448 2516 in
1474 2497 1537 2526 qua

145 2525 260 2556 eadem
283 2530 332 2557 est
355 2526 521 2559 distinctio
546 2538 706 2564 uersuum,
723 2527 778 2558 sed
801 2532 894 2558 tulus
919 2539 983 2559 non
1007 2533 1129 2559 tutum.
1177 2529 1297 2560 Melius
1316 2529 1423 2570 potuit
1440 2529 1537 2560 scribi
