1786 2878
793 123 860 154 HJ
1437 122 1515 165 107

127 233 146 266 t
160 229 323 279 primam
345 228 507 267 litteram
535 227 727 278 sequentis
746 227 925 265 uocabuli
945 236 1095 265 mensem
1120 226 1353 277 praecedens
1377 239 1451 276 aga
1478 228 1518 264 in

127 307 168 332 se
188 295 301 333 traxit
320 301 357 332 et
377 294 578 344 absorpsit,
600 293 707 342 quod
727 292 1006 343 dittographiae
1025 304 1148 341 genus
1168 292 1517 342 frequentissimum

126 366 207 398 est:
239 367 302 398 aut
320 373 433 409 agam
453 373 501 398 ex
521 363 641 408 agant
657 358 908 408 deprauatum
928 364 995 404 est,
1017 358 1124 395 cuius
1139 358 1273 395 erroris
1293 369 1373 394 non
1393 369 1517 406 pauca

126 431 258 462 extant
273 425 447 474 exempla
460 425 500 462 in
515 424 664 462 Manilii
679 424 860 461 carmine.
917 415 1017 460 Vide
1030 435 1127 473 quae
1142 423 1190 460 ad
1205 423 1256 460 ΙΙ.
1272 425 1361 471 928,
1375 423 1422 459 V.
1439 436 1459 471 3
1466 434 1486 470 5
1493 432 1514 470 5

126 490 269 540 scripsi.
326 491 434 540 Agat
450 491 531 529 siue
558 494 676 540 agant
697 488 846 526 Manilii
875 489 955 534 fuit,
977 488 1214 538 supplendus
1243 488 1312 526 erit
1339 488 1517 526 nomina-

125 556 224 593 tiuus
245 558 263 591 ὁ
281 559 403 604 τυχών,
421 559 452 593 οἱ
471 559 641 604 τυχόντες,
663 555 833 605 quisquis
852 555 912 592 ille
932 561 990 592 est
1009 567 1125 604 quem
1149 566 1302 604 semper
1327 554 1365 590 in
1385 554 1516 591 animo

124 620 240 659 habet
286 627 402 671 poeta
456 621 702 670 horoscopon
748 620 1008 670 indagantem,
1054 619 1265 657 inhiantem
1321 619 1515 668 genituris.

125 686 362 724 Huiusmodi
391 686 651 724 nominatiuus
680 692 805 736 potest
832 698 916 724 esse
945 685 1018 722 III.
1040 687 1117 734 498
1138 698 1219 722 cum
1239 689 1354 723 teneat
1371 690 1513 734 partes,

124 764 348 803 quanquam
383 752 497 790 aliam
536 759 574 790 et
607 751 766 790 fortasse
802 752 992 789 ueriorem
1029 750 1323 800 explicationem
1363 757 1516 788 secutus

124 829 221 855 sum.
279 818 327 855 In
350 818 402 855 II.
425 819 500 865 825
525 817 661 855 eadem
689 824 746 855 est
771 817 966 862 dubitatio,
988 828 1078 854 eum
1102 815 1254 854 Gembl.
1281 822 1318 854 et
1344 829 1363 853 0
1383 817 1515 865 possis,

123 882 294 932 plerique
314 884 438 932 possit
466 882 697 920 tradiderint.
754 883 868 932 Prop.
900 882 946 919 iv.
967 880 1036 933 (v.)
1073 894 1107 918 2.
1144 894 1202 927 11,
1242 894 1285 918 12
1321 879 1393 919 Seu
1426 883 1515 930 quia

123 949 296 985 uertentis
299 949 477 999 fructum
487 950 742 998 praecepimus
770 949 866 985 anni
892 948 1085 985 Vertumni
1101 959 1238 984 rursus
1265 947 1420 984 credidit
1444 960 1516 983 esse

121 1026 271 1050 sacrum
299 1025 434 1051 omnes
460 1014 614 1051 codices
642 1020 862 1064 praestant:
895 1013 964 1051 sed
987 1025 1122 1050 uerum
1146 1018 1271 1062 potest
1297 1024 1380 1049 esse
1409 1011 1515 1062 quod

123 1078 405 1117 Housmannus
421 1079 583 1117 coniecit
603 1081 721 1117 credis
741 1080 790 1116 z'd.
829 1079 944 1129 Apud
965 1078 1205 1116 Frontonem
1225 1078 1266 1114 in
1285 1078 1446 1127 epistula
1466 1077 1515 1115 ad

125 1142 182 1180 M.
214 1143 418 1182 Caesarem
456 1144 506 1196 (v.
539 1158 586 1183 22
618 1145 767 1197 Naber)
805 1150 897 1195 aput
931 1157 1090 1181 censores
1126 1144 1337 1192 expostulat
1367 1149 1515 1180 certum

122 1209 296 1246 uidetur:
325 1216 459 1260 estque
488 1211 658 1249 eiusdem
679 1211 763 1261 styli
785 1211 890 1260 quod
910 1210 1095 1248 Frontoni
1117 1208 1174 1246 M.
1195 1208 1336 1247 Caesar
1356 1209 1514 1258 rescrip-

121 1274 169 1312 sit
193 1273 242 1325 (v.
269 1288 287 1312 2
294 1274 336 1326 3)
359 1277 398 1313 in
428 1277 499 1313 hac
521 1278 676 1314 materia
705 1278 846 1314 diutius
871 1276 1112 1314 laborandum
1132 1279 1185 1312 est
1208 1279 1251 1311 ut
1254 1275 1409 1324 factum
1437 1287 1514 1311 cre-

121 1340 234 1377 datur
252 1353 360 1389 quam
380 1346 423 1378 ut
439 1343 638 1379 irascatur.

176 1405 224 1442 In
252 1407 497 1455 sequentibus
526 1408 576 1444 sz't
600 1408 713 1454 triste,
735 1409 787 1444 sit
804 1407 937 1444 durior
965 1405 1134 1455 Scaliger
1153 1405 1326 1451 correxit,
1349 1403 1513 1442 adsenti-

122 1477 209 1507 ente
232 1470 420 1509 Salmasio
440 1471 487 1509 de
501 1472 625 1510 Annis
645 1471 921 1510 Climactericis
941 1485 978 1521 p.
997 1484 1084 1520 322.
1128 1470 1202 1508 Sed
1223 1483 1258 1507 u.
1277 1480 1353 1518 553
1375 1469 1515 1507 haereo

122 1536 159 1572 in
181 1536 252 1574 illis
275 1536 350 1573 sz'bz'
369 1537 521 1574 credere.
579 1537 867 1587 Significantne‚
890 1537 982 1574 nihil
1002 1549 1085 1574 esse
1111 1536 1170 1574 cui
1189 1535 1246 1573 fas
1267 1536 1312 1573 sit
1332 1535 1370 1572 in
1391 1542 1514 1573 toturn

121 1601 194 1638 sibi
214 1601 369 1639 credere
385 1602 398 1638 ?
454 1602 506 1639 At
525 1609 742 1652 repugnant
767 1603 967 1652 sequentia
986 1601 1076 1639 lVon
1095 1614 1210 1638 annos
1229 1602 1360 1650 szgrm's,
1381 1613 1515 1638 menses

121 1666 339 1704 uertentz‘bus
366 1668 488 1704 annis.
545 1667 677 1706 Potius
706 1679 929 1718 comparem
950 1667 997 1704 V.
1020 1678 1108 1715 357,
1133 1669 1208 1715 358
1230 1666 1315 1703 Hoc
1342 1670 1394 1703 est
1418 1668 1515 1703 artis

121 1738 209 1780 opus
245 1745 316 1769 non
349 1737 560 1781 exspectare
584 1735 772 1782 gementis,
806 1733 864 1770 Et
896 1733 970 1770 sibi
1002 1745 1075 1769 non
1115 1744 1224 1781 aegro
1262 1733 1337 1768 iam
1377 1732 1514 1769 dudum

119 1797 263 1834 credere
289 1805 434 1847 corpus.
491 1797 594 1836 Nam
620 1804 662 1835 ut
691 1799 741 1836 ibi
768 1810 848 1836 non
877 1804 934 1835 est
959 1797 1194 1836 credendum
1225 1808 1365 1846 corpus
1396 1809 1514 1846 aegro

121 1862 203 1908 sibi,
224 1863 278 1900 sic
298 1863 359 1900 hic
378 1863 470 1901 nulli
489 1864 575 1902 licet
594 1864 807 1913 quidquam
826 1864 967 1900 credere
987 1865 1026 1900 in
1039 1867 1149 1900 totum
1169 1862 1244 1900 sibi
1258 1862 1295 1899 h.
1309 1874 1342 1900 e.
1358 1862 1392 1899 ei
1409 1862 1513 1911 quod

120 1927 225 1976 prius
257 1926 378 1973 fuerit,
406 1941 496 1966 cum
527 1929 698 1967 incidant
728 1935 784 1967 tot
814 1929 1018 1966 uarietates
1051 1940 1178 1965 rerum
1207 1940 1252 1966 ac
1281 1933 1512 1976 temporum.

122 1995 131 2011 ‘
146 1992 273 2030 There
289 1993 320 2030 is
341 1993 507 2043 nothing
522 1994 642 2032 which
662 2006 752 2044 may
767 1995 814 2032 be
834 1994 979 2032 trusted
995 1993 1206 2042 absolutely
1226 2000 1267 2030 to
1287 1993 1349 2030 the
1372 1993 1512 2030 deduc-

119 2057 223 2095 tions
256 2057 301 2095 of
335 2058 382 2096 its
414 2066 502 2108 past
534 2060 784 2109 experience:
817 2071 893 2109 you
925 2066 1069 2096 cannot
1105 2065 1201 2096 trust
1234 2058 1297 2095 the
1331 2070 1439 2107 years
1473 2065 1512 2095 to

120 2122 201 2160 find
232 2122 295 2161 the
320 2122 501 2162 Zodiacal
537 2126 643 2174 signs
677 2124 826 2174 exactly
856 2136 898 2161 as
929 2124 1018 2173 they
1047 2137 1145 2162 were
1175 2123 1324 2170 before„-
1349 2135 1421 2161 nor
1448 2122 1512 2160 the

120 2188 277 2226 months
308 2195 348 2226 to
380 2188 443 2227 the
474 2190 708 2228 revolutions
737 2189 781 2227 of
815 2197 901 2239 past
929 2202 1052 2239 years,
1086 2201 1131 2227 or
1161 2189 1224 2227 the
1256 2189 1349 2238 days
1381 2197 1420 2226 to
1449 2188 1512 2226 the

120 2253 288 2300 months,
309 2265 354 2292 or
383 2254 432 2292 all
456 2254 520 2293 the
547 2254 664 2293 hours
694 2254 738 2292 of
762 2267 784 2292 a
812 2255 886 2305 day
914 2261 954 2292 to
986 2254 1223 2304 correspond
1252 2254 1340 2291 with
1369 2253 1512 2291 former

121 2316 239 2368 days.’

175 2383 246 2420 III.
269 2393 342 2432 571
367 2384 420 2422 sic
443 2391 618 2423 exaratus
639 2392 695 2422 est
716 2385 754 2422 in
774 2384 926 2423 Gembl.

282 2448 424 2499 Bisque
452 2463 594 2488 nouem
624 2463 782 2488 nemeae
811 2451 943 2488 tribuis
970 2451 1186 2499 bissemque
1218 2450 1288 2487 sub
1318 2449 1388 2487 illis

121 2525 255 2552 nemee
284 2515 425 2553 tribues
456 2514 564 2553 Voss.¹
586 2529 604 2553 0
628 2515 714 2554 Cas.
737 2527 849 2554 neme
879 2517 1043 2554 etribues
1074 2514 1187 2553 Voss.2
1206 2527 1339 2553 nemee
1361 2515 1469 2553 dabis
1490 2516 1509 2553 b
