1786 2878
770 199 794 229 J
1422 199 1470 241 17

138 317 222 355 Nec
245 316 428 365 Scaligeri
455 317 655 353 inuentum
675 316 899 365 seg7221'712'lms
918 326 1052 352 uerum
1074 315 1264 352 existimo.
1323 313 1423 351 Nam
1446 315 1475 352 si

81 382 111 419 Ι.
127 385 201 431 487
221 382 402 420 Manilius
417 382 542 431 posuit
561 383 629 430 qui
639 381 790 430 primus
810 382 948 417 moenia
965 381 1097 417 mundi
1107 379 1316 417 Seminibus
1330 382 1479 417 struxit

81 449 244 485 minimis
264 449 369 497 inque
389 448 456 484 illa
475 448 632 492 resoluil,
654 447 775 495 potuit
796 447 909 484 etiam
931 433 1024 483 caeli
1046 445 1166 483 moles
1187 445 1260 482 dici
1279 446 1477 482 seminibus

81 515 239 551 diductis
257 514 363 550 solui.
422 512 483 550 Sic
511 513 603 549 dixit
624 512 694 550 IV.
718 514 793 560 878
817 511 1091 560 Semz'nz'busque
1113 513 1191 548 suis
1211 516 1351 547 saulam
1382 524 1477 547 com-

73 586 208 628 ponere
237 580 372 616 molem.
429 578 541 616 Adde
571 579 676 627 quod
705 578 926 626 segminibus
955 589 1026 615 nec
1055 577 1190 625 optimi
1220 580 1386 621 κόμματος
1407 584 1476 622 est,

81 657 153 681 nec
184 644 310 681 statim
338 650 522 693 sequente
542 644 695 692 tegmine
723 642 853 680 inuehi
874 643 1015 679 debuit.
1073 642 1176 679 Nam
1201 643 1351 690 segmine
1378 650 1477 678 recte

83 709 251 755 Gembl.‚
276 713 421 758 pectore
454 721 573 758 praue
603 709 773 746 maxima
806 720 896 757 pars
928 708 1107 745 codicum
1141 708 1316 745 tradidit:
1363 707 1478 744 futilis

82 782 211 812 autem
239 780 297 812 est
327 774 461 824 Iacobi
491 773 710 811 emendatio
735 777 915 822 pegmate,
951 773 1127 823 quamuis
1161 773 1406 810 commendet
1439 772 1479 808 id

83 840 178 878 ratio
208 839 542 889 palaeographica,
578 851 666 877 cum
699 839 850 888 saepius
884 851 1009 877 PECMA
1047 850 1115 887 per
1147 852 1165 874 c
1195 838 1379 887 scriptum
1421 840 1477 874 in-

83 906 270 943 ueniatur.

137 971 168 1008 I.
191 980 280 1020 721,
306 983 325 1008 2

246 1035 352 1083 Quid
381 1036 488 1086 quasi
519 1048 598 1073 non
628 1036 785 1074 timeant
816 1036 948 1084 magni
978 1047 1066 1072 cum
1094 1034 1251 1072 uulnera
1282 1034 1375 1072 caeli

246 1101 524 1151 Conspiciant?

138 1166 269 1205 VosS.2
293 1167 391 1214 Quia
411 1168 528 1216 quasi.
587 1166 723 1205 Fuitne
749 1166 958 1216 Quidquam
980 1180 1050 1203 non
1071 1168 1254 1204 lz'meanls'

138 1232 170 1270 Ι.
191 1243 280 1282 723,
304 1245 327 1280 4

246 1299 312 1335 An
340 1305 450 1336 coeat
479 1297 669 1335 mundum
688 1297 939 1348 ⁴duplicisque
967 1305 1141 1335 extrema
1169 1309 1359 1334 cauernae

250 1362 506 1408 Conueniant,
537 1363 708 1413 caelique
739 1375 824 1401 oras
854 1370 891 1400 et
920 1363 1046 1400 sidera
1074 1363 1264 1411 iungant?

301 1428 493 1465 mundum
518 1428 656 1466 Gembl.
677 1433 711 1465 et
731 1427 820 1466 Cus.
876 1428 1044 1465 mundus
1076 1428 1254 1473 Vossz'anz',
1276 1428 1337 1464 ob.

140 1494 275 1531 Vnum
303 1493 419 1544 idque
453 1501 629 1543 apertum
659 1494 793 1530 uitium
823 1494 862 1530 in
891 1493 950 1530 his
979 1494 1065 1543 quis
1095 1505 1175 1530 non
1204 1493 1311 1530 tollat
1340 1493 1404 1542 qui
1435 1505 1483 1530 ex

88 1559 292 1597 Thomasii
336 1571 440 1596 noua
487 1559 693 1596 collatione
741 1558 1038 1596 Gemblacensis
1076 1558 1218 1596 codicis
1256 1558 1484 1595 intellexerit

88 1626 264 1663 mundum
284 1624 336 1662 ibi
357 1625 395 1661 in
418 1633 493 1672 723
522 1637 602 1662 non
624 1625 783 1662 mundus
809 1626 967 1663 extare?
1024 1624 1093 1661 Est
1113 1625 1215 1661 enim
1238 1624 1484 1662 scribendum

88 1691 155 1728 An
184 1695 285 1728 coeat
310 1691 482 1728 nondum.
539 1690 703 1728 Lacteae
739 1691 824 1728 uiae
854 1691 949 1728 duas
979 1703 1116 1728 causas
1148 1690 1256 1739 fingit
1289 1689 1485 1726 Manilius.

88 1756 169 1794 Aut
206 1756 309 1793 enim
351 1755 584 1793 diducuntur
625 1756 761 1793 mundi
804 1756 1014 1805 primordia
1054 1755 1258 1805 laxataque
1296 1766 1485 1803 compage

89 1821 186 1860 caeli
211 1834 281 1871 per
306 1822 601 1859 commissuram
628 1821 760 1859 lumen
789 1821 946 1859 diffluit:
978 1827 1043 1859 aut
1072 1821 1220 1859 caelum
1242 1820 1416 1858 nondum
1438 1832 1486 1856 ex

90 1887 228 1924 fissura
259 1887 362 1933 coiit,
392 1887 459 1925 sed
488 1893 663 1925 extrema
693 1899 949 1925 cauernarum
983 1888 1195 1924 etiamnum
1215 1886 1486 1924 conuenientia

90 1951 217 1989 lucem
247 1964 315 2002 per
349 1964 390 1990 se
422 1952 578 1990 mittunt
610 1952 791 1998 siderum,
826 1952 920 1989 dum
953 1964 1042 1989 orae
1076 1951 1286 2000 iunguntur
1320 1950 1485 1988 necdum

90 2023 242 2055 coeunt.

146 2081 177 2120 Ι.
201 2091 276 2131 735
297 2095 382 2133 sqq.
404 2083 457 2121 sic
476 2090 607 2121 extant
627 2084 667 2120 in
689 2083 841 2121 Gembl.

255 2147 376 2186 Fama
404 2149 519 2186 etiam
549 2149 713 2198 antiquis
743 2149 792 2186 ad
822 2161 893 2186 nos
922 2148 1119 2186 descendit
1149 2148 1198 2184 ab
1228 2146 1340 2184 annis

255 2213 487 2251 Phetontem
514 2215 635 2263 patrio
665 2226 781 2252 curru
812 2227 880 2263 per
908 2214 1020 2263 signa
1048 2214 1246 2251 uolantem

257 2278 363 2316 Dum
393 2292 496 2317 noua
525 2280 681 2317 miratur
711 2280 868 2329 propius
899 2280 1121 2328 spectacula
1150 2279 1284 2315 mundi

257 2343 306 2381 Et
336 2357 432 2393 puer
461 2345 499 2381 in
529 2345 638 2382 caelo
667 2344 761 2381 ludit
791 2357 979 2393 curruque
1009 2346 1197 2393 superbus

257 2408 444 2447 Luxuriat
472 2410 644 2451 †mundo
675 2410 779 2459 cupit
809 2417 845 2447 et
874 2410 1021 2447 maiora
1051 2417 1222 2459 parente.

152 2474 389 2524 Corruptum
417 2482 473 2512 est
502 2476 645 2521 mundo,
676 2475 834 2512 fortasse
864 2487 912 2511 ex
943 2476 1044 2512 modo
1074 2488 1156 2519 non,
1180 2473 1286 2523 quod
1316 2485 1404 2510 cum
1435 2472 1487 2509 sic

97 2540 278 2588 scriptum
301 2547 400 2577 esset
419 2542 520 2577 modo
539 2546 564 2577 ἦ
584 2541 646 2578 uel
673 2541 773 2577 modo
794 2531 812 2558 ἦ
831 2540 870 2576 in
895 2541 1016 2577 mo’¹a⁷0
1045 2552 1136 2577 mox
1164 2540 1201 2575 in
1232 2539 1364 2575 mundo
1394 2550 1488 2575 con-

98 2616 254 2643 uersum
274 2613 343 2643 est.
401 2605 516 2643 Certe
547 2607 598 2643 sic
629 2618 710 2643 non
738 2605 894 2653 languet
923 2606 1066 2644 oratio:
1098 2606 1196 2642 bene
1224 2605 1326 2641 enim
1355 2604 1489 2641 dicitur

787 2683 807 2708 c
