1786 2878
234 137 250 164 1
261 125 312 167 26
651 136 844 167 ,svocroes
873 136 945 167 MA
952 135 1203 167 NJLJANAE

287 239 362 286 In4
372 252 385 276 1
395 241 416 275 8
417 240 617 290 fulgentia
635 240 939 286 Gcmblacensis‚
949 255 967 278 0
981 241 1046 279 dat
1047 241 1271 292 fulgz'enlz‘a,
1281 252 1359 289 quo
1375 240 1622 279 confirmatur

231 305 450 343 emendatio
455 307 632 355 fugiente
659 311 791 344 cometa
821 319 892 356 pro
897 308 1074 356 fulgenle
1094 307 1123 344 Ι.
1147 309 1235 344 826.
1285 308 1486 356 parlz'sex
1500 306 1625 355 paclt's

231 378 358 408 ortum
388 371 548 409 credidit
572 371 777 418 Breiterus,
798 372 834 411 h.
855 385 887 410 e.
908 385 1097 411 concesso
1118 385 1140 410 a
1160 379 1295 410 natura
1316 384 1452 418 cursu3
1483 383 1558 421 ego
1577 383 1624 408 ex

232 437 353 485 raplz‘s
370 434 392 472 ¹.
452 436 497 473 In
530 449 606 483 420
639 438 793 487 egregia
824 445 881 475 est
907 438 1129 475 emendatio
1157 438 1317 487 Hauptii
1338 442 1456 474 torres
1485 448 1556 486 pro
1575 448 1624 474 eo

231 501 337 551 quod
376 501 517 539 habent
551 502 703 540 codices
732 505 854 540 terris.
931 502 1029 541 Mox
1072 503 1206 541 Iacobi
1245 503 1467 540 coniectura
1483 502 1624 553 foedus

232 579 304 604 nec
336 567 468 604 litteris
499 567 741 605 disconuenit
770 581 840 607 nec
872 569 1023 606 sensui:
1053 569 1136 607 uult
1164 575 1280 618 poeta
1309 575 1466 605 naturae
1501 567 1626 617 legem

232 633 357 682 rumpi
372 632 488 682 idque
508 640 586 670 tam
600 634 737 679 subito,
757 640 837 672 tam
854 634 960 672 nullo
976 641 1109 684 paratu
1125 640 1168 671 ut
1187 633 1282 671 nihil
1297 633 1472 671 uideatur
1491 645 1514 670 a
1533 644 1625 670 con-

231 704 341 736 sueto
354 710 480 736 rerum
494 699 628 736 ordine
644 699 897 737 demutatum.
930 699 983 737 At
996 700 1035 736 in
1054 712 1127 747 422
1147 704 1258 736 uasta
1270 711 1340 748 pro
1344 699 1461 749 sacta
1481 696 1625 743 Voss.²,

231 764 268 800 in
293 776 370 812 423
395 763 547 801 Cbrz‘slz‘
560 776 631 813 pro
654 767 761 813 ponti
776 764 928 803 Gembl.
949 764 1110 803 tradidit.
1168 764 1267 802 Illud
1297 764 1361 801 uix
1391 775 1484 801 uero
1505 762 1627 801 simile

231 829 390 876 uidetur,
421 830 637 879 rectiusque
671 829 830 868 fortasse
855 830 968 868 ceteri
995 830 1148 868 codices
1175 831 1250 867 iam
1265 831 1383 880 facla
1416 828 1628 876 Charybdis

232 894 424 940 exhibent,
438 894 515 933 h.e.
529 907 629 944 quae
650 895 727 933 iam
747 895 846 933 facta
865 902 923 933 est
944 895 1159 946 Charybdis
1175 908 1184 933 :
1214 896 1282 933 sed
1293 896 1406 945 ponti
1422 893 1629 932 Manilium

232 966 416 1010 tanquam
448 961 597 998 laudati
625 960 758 999 fecisse
798 961 1037 999 mentionem
1078 972 1207 1010 nego;
1257 973 1329 999 nec
1368 959 1625 998 Thomasium

232 1025 347 1064 audio
377 1026 444 1075 qui
474 1025 647 1064 Bentleio
677 1027 886 1064 obsecutus
917 1026 1114 1065 monacho
1149 1027 1281 1064 nescio
1309 1026 1369 1064 cui
1404 1025 1627 1063 semisomni

232 1091 306 1130 hoc
319 1091 492 1140 imputat.
535 1091 610 1129 Dic
624 1091 728 1138 mihi,
742 1091 807 1129 ubi
824 1099 1010 1129 terrarum
1023 1091 1245 1130 huiusmodi
1261 1098 1424 1141 pontum
1440 1090 1626 1135 inuenies,

233 1157 298 1206 qui
335 1156 455 1195 modo
486 1156 640 1195 laudem
667 1157 824 1195 meritus
854 1157 901 1194 sit
930 1164 1114 1207 tanquam
1148 1169 1315 1195 amoena
1345 1156 1476 1194 omnia
1510 1156 1549 1193 in
1587 1167 1627 1193 se

232 1222 416 1268 habuerit,
437 1234 566 1260 rursus
585 1222 766 1260 exciderit
786 1235 834 1260 ex
863 1223 983 1272 gratia
1003 1230 1040 1259 et
1066 1222 1267 1260 euiluerit?
1327 1221 1403 1259 Sed
1432 1228 1473 1258 ut
1493 1227 1627 1271 portus

232 1288 299 1338 qui
319 1287 439 1325 fuerat
459 1288 498 1325 in
520 1287 721 1325 hominum
742 1299 831 1325 usus
851 1287 975 1325 factus
995 1295 1083 1336 post
1112 1287 1317 1337 negligitur
1337 1287 1454 1336 fitque
1474 1294 1626 1324 uastum

232 1366 350 1399 mare,
373 1354 425 1391 sic
445 1352 543 1390 horti
563 1359 769 1403 postquam
789 1353 935 1402 ingenti
956 1365 1046 1391 cura
1067 1360 1104 1390 et
1125 1353 1256 1390 labore
1276 1353 1316 1390 in
1336 1352 1490 1390 laudem
1511 1364 1627 1389 uene-

232 1427 332 1465 runt,
352 1418 538 1468 paulatim
569 1431 591 1456 a
621 1418 831 1456 cultoribus
861 1418 1036 1467 neglecti,
1058 1418 1325 1468 saepimentris
1355 1418 1507 1467 spoliati
1537 1418 1628 1462 suis,

233 1484 420 1534 quidquid
447 1485 485 1521 in
506 1496 545 1521 se
572 1484 724 1521 artificis
743 1483 948 1529 habebant,
969 1483 1196 1533 deperdunt,
1217 1495 1289 1521 nec
1318 1483 1442 1522 solum
1471 1484 1627 1521 arbores

233 1550 462 1599 plantasque
492 1555 529 1586 et
557 1549 671 1587 flores
692 1549 759 1587 sed
780 1556 816 1586 et
847 1549 970 1598 spatia
989 1555 1027 1586 et
1056 1549 1352 1587 ambulationes.
1408 1548 1543 1598 Itaque
1571 1561 1629 1586 re-

233 1615 459 1665 ponendum
482 1615 596 1652 credo
618 1616 727 1663 xysti
745 1615 824 1651 siue
845 1616 949 1659 sysli.

289 1681 393 1718 Nam
415 1681 444 1718 si
465 1679 665 1730 (Ramsay‚
687 1680 799 1717 Latin
820 1679 999 1728 Prosody
1020 1692 1083 1729 pp.
1108 1688 1182 1728 273
1206 1678 1305 1729 sqq.)
1326 1679 1499 1728 Vergilio
1527 1678 1630 1717 licuit

235 1746 399 1784 scribere
419 1746 551 1782 Ponite
569 1753 658 1794 spes,
681 1745 879 1794 Propertio
899 1744 1071 1782 Brachia
1100 1746 1270 1793 speclauz,
1292 1745 1373 1781 bene
1401 1745 1628 1793 spondebant,

238 1811 499 1858 Consuluz‘lque
531 1811 676 1858 slrzgres,
712 1810 931 1846 uenumdata
966 1808 1104 1858 Scylla,
1140 1809 1283 1847 Ouidio
1317 1810 1437 1846 lillera
1475 1811 1629 1858 scripta,

235 1876 418 1913 considere
455 1877 627 1920 scamnis,
661 1875 859 1924 spectabere
891 1888 1033 1920 scaena,
1071 1874 1251 1912 Lucretio
1291 1874 1448 1912 Tibullo
1489 1875 1632 1913 Ouidio

237 1941 403 1978 Martiali
443 1940 563 1978 Statio
597 1941 816 1989 smaragdos
849 1940 887 1976 in
921 1940 995 1978 fine
1034 1939 1347 1977 hexametrorum
1385 1953 1529 1989 ponere
1543 1953 1552 1987 ;
1601 1941 1633 1978 si

237 2006 404 2044 Horatio
442 2007 531 2054 quia
570 2006 715 2050 scilicet,
741 2006 898 2055 fornice
935 2009 1102 2052 stantem,
1134 2006 1358 2054 uelatumque
1395 2006 1498 2052 stola,
1530 2013 1634 2055 saepe

236 2073 372 2117 stilum,
395 2071 582 2121 fastidire
610 2070 826 2108 Strabonem
857 2070 1020 2107 abiurari
1055 2077 1273 2120 nequeunt,
1317 2070 1347 2107 si
1383 2069 1564 2108 Lucanus
1597 2072 1633 2108 ii.

239 2138 314 2184 672
345 2136 524 2173 tumidum
545 2142 654 2184 super
673 2148 832 2184 aequora
854 2134 1013 2173 Sersen²
1033 2135 1069 2173 h.
1083 2148 1115 2173 e.
1137 2135 1291 2173 Xerxen
1316 2148 1395 2173 non
1416 2135 1573 2185 refugit;
1603 2136 1634 2173 si

236 2201 405 2251 denique
439 2201 520 2250 ipse
555 2199 738 2238 Manilius
769 2200 952 2251 (Kramer
982 2200 1029 2238 de
1064 2200 1213 2238 Manilii
1248 2200 1463 2238 elocutione
1497 2213 1533 2250 p.
1570 2200 1634 2250 18)

237 2267 364 2304 ordine
381 2278 501 2312 zonae,
509 2266 681 2316 sastzgria
697 2278 808 2304 zonae
824 2264 914 2316 (ΙΙΙ.
930 2278 1019 2316 319,
1035 2265 1130 2316 625)
1150 2265 1325 2304 uocalem
1340 2272 1428 2304 ante
1441 2279 1461 2303 z
1474 2266 1532 2304 bis
1548 2279 1631 2304 cor-

281 2380 289 2398 ¹
314 2381 368 2413 Sic
384 2381 417 2412 in
434 2391 524 2412 uersu
541 2380 701 2421 Propertii
719 2380 760 2411 iv.
779 2386 806 2419 7.
829 2388 870 2420 59
888 2380 969 2411 Ecce
989 2384 1137 2412 coronato
1146 2384 1230 2421 pars
1253 2380 1358 2410 altera
1376 2384 1479 2421 parta
1496 2380 1631 2421 phaselo

239 2432 301 2472 (sic
318 2434 405 2464 enirn
421 2431 569 2473 codices)
587 2436 684 2473 rapta
701 2432 910 2473 reposuerim.

284 2482 296 2500 ²
319 2484 485 2515 Bentleius
502 2483 624 2514 Persen
648 2493 686 2514 ex
711 2483 904 2514 Colbertino
927 2483 1023 2514 scribi
1046 2483 1171 2514 uoluit:
1204 2482 1259 2514 sed
1283 2483 1398 2514 Scrsen
1424 2483 1475 2514 uel
1499 2483 1632 2514 Xerxen

239 2540 403 2575 praestant
421 2534 564 2576 plerique
580 2534 709 2566 codices
726 2539 756 2566 et
773 2534 897 2566 scholia
918 2535 1098 2566 ssernensia.
