1786 2878
786 135 851 165 Ill
1412 138 1488 166 101

103 253 169 290 que
198 241 254 278 sui
284 253 463 278 summam
499 241 762 289 relinquentem,
789 239 828 276 id
855 239 999 277 scilicet
1029 239 1224 277 adfectans
1254 246 1296 276 ut
1320 239 1493 289 legentes

102 307 326 344 admoneret
354 305 630 343 astronomiam
653 305 691 341 in
712 305 866 342 calculis
896 311 933 342 et
961 306 1228 342 numeratione
1255 305 1407 349 uersari,
1430 317 1494 341 ne·

101 384 177 420 que
197 383 310 421 posse
330 383 419 409 eum
433 371 497 420 qui
517 370 612 408 haee
633 370 852 419 negligeret,
873 370 922 407 ad
942 370 1209 419 genethliacon
1230 377 1266 407 et
1286 369 1493 418 horoscopi

101 449 233 474 ueram
253 436 580 485 computationem
598 436 796 485 peruenire
812 435 826 472 ?
857 435 932 472 Pro
946 437 1096 484 reliquit
1110 436 1214 485 quod
1235 448 1323 472 eum
1339 434 1492 472 Gembl.

102 508 269 551 praestat
297 502 412 538 etiam
443 500 631 547 Cusanus,
663 499 860 537 Bentleius
891 513 937 537 ex
970 501 1120 538 duobus
1147 500 1348 538 Vossianis
1377 500 1495 537 edidit

102 567 285 615 relinquit,
326 566 494 603 Iacobus
532 566 715 614 relinquet.
789 564 886 602 Mihi
925 572 990 602 aut
1028 565 1102 603 hoc
1142 565 1415 615 recipiendum,
1454 572 1495 602 ut

101 631 361 681 respondeant
379 631 477 668 inter
498 643 538 668 se
558 631 725 667 subsistet
741 631 919 679 relinquet
931 630 1001 681 (sic
1020 632 1144 667 currit
1161 643 1229 680 pro
1250 635 1376 667 curret
1386 629 1493 678 361),

101 704 165 734 aut
185 697 334 745 reliquit
356 696 504 733 uidetur
524 695 769 733 scribendum
797 696 1008 733 secundum
1034 696 1198 742 Gembl.,
1225 696 1334 745 quasi
1361 696 1495 733 dixerit

102 761 296 807 Manilius,
314 761 403 808 Qua
418 761 457 798 in
472 768 578 810 parte
593 772 784 798 summam
803 773 910 798 suam
926 761 1113 811 reliquerit
1127 773 1310 799 numerus
1326 768 1441 810 atque
1455 761 1494 797 in

100 839 149 865 eo
161 834 264 864 astro
280 833 361 863 tum
375 826 577 873 subsistet3
607 832 647 862 ut
660 826 848 875 posterius
865 827 1032 875 positum
1049 827 1094 863 sit
1108 827 1334 885 quod‘prius
1349 825 1493 864 factum

100 899 170 939 est,
193 892 377 930 sententia
397 899 525 928 autem
545 904 611 940 per
632 891 815 940 hysteron
835 899 1016 941 proteron
1038 892 1234 942 quoddam
1254 891 1443 929 efferatur.

155 970 218 995 uu,
240 966 328 1006 497,
351 959 374 993 8
397 957 448 994 sic
469 956 616 1006 refingo

262 1023 374 1059 Haec
403 1022 471 1059 erit
500 1022 689 1059 exoriens.
745 1021 794 1059 Et
824 1035 895 1072 par
923 1022 970 1060 sit
998 1022 1132 1069 forma,
1161 1035 1231 1072 per
1258 1023 1368 1071 ignes

262 1087 364 1125 Cum
391 1093 519 1125 teneat
547 1094 687 1138 partes.
743 1087 820 1125 Vbi
850 1100 1001 1126 summa
1030 1088 1157 1126 fecerit
1185 1100 1318 1134 unum,

100 1153 136 1191 h.
153 1166 185 1192 e.
206 1153 300 1191 haec
321 1150 441 1203 (pars)
462 1160 543 1189 tum
564 1153 633 1190 erit
653 1154 840 1192 exoriens.
901 1153 1034 1203 Sitque
1060 1154 1190 1191 similis
1211 1154 1306 1191 ratio
1333 1165 1495 1203 compu-

100 1219 216 1264 tandi,
257 1219 408 1268 quoties
446 1231 492 1256 ea
533 1226 659 1268 partes
701 1226 804 1256 tenet
843 1217 1068 1267 (ascertains
1109 1219 1173 1256 the
1212 1218 1388 1269 degrees)
1427 1231 1496 1268 per

99 1292 287 1322 nocturna
314 1285 449 1330 sidera,
472 1284 551 1322 siue
573 1285 621 1321 ad
645 1285 805 1333 genesin
827 1284 1084 1322 definiendam
1110 1291 1247 1331 noctu3
1287 1285 1363 1321 iam
1390 1285 1495 1321 enim

99 1348 147 1386 de
178 1349 323 1386 diurnis
351 1350 534 1398 genituris
559 1351 651 1387 dixit
673 1353 748 1397 485
776 1354 883 1398 quota
910 1351 962 1387 sz't
985 1351 1090 1395 lucis,
1111 1351 1149 1387 si
1171 1351 1248 1387 luce
1276 1351 1493 1398 requiritur,

100 1415 204 1452 bora.
267 1414 387 1452 Simul
412 1422 525 1464 atque
549 1415 676 1453 fecerit
705 1413 921 1465 (numerus)
941 1427 1061 1452 unum
1089 1422 1212 1453 toturn
1233 1415 1281 1452 ad
1302 1427 1495 1452 summam

100 1479 206 1529 quod
227 1479 285 1525 sit,
301 1478 427 1529 (when
449 1480 512 1518 the
532 1480 744 1529 reckoning
764 1480 832 1518 has
852 1480 1038 1518 mounted
1059 1486 1098 1518 to
1124 1493 1146 1517 a
1170 1480 1359 1530 complete
1381 1481 1494 1531 sum).

156 1545 233 1582 Hic
261 1545 291 1582 si
315 1545 443 1583 durius
464 1546 577 1583 alicui
604 1546 805 1592 uidebitur,
828 1546 933 1595 quod
960 1559 1134 1583 numerus
1160 1559 1230 1595 pro
1253 1546 1495 1584 nominatiuo

100 1610 339 1659 supplendus
358 1611 416 1655 sit,
438 1611 579 1648 scribat
603 1610 698 1648 Cum
719 1616 836 1647 teneas
855 1618 890 1648 et
910 1623 1001 1648 mox
1022 1612 1241 1661 ubifccerz's.

153 1688 189 1713 u.
211 1686 288 1723 500
315 1677 459 1725 optime
487 1678 652 1714 seruauit
679 1677 831 1714 Gembl.
854 1677 924 1714 nisi
949 1677 1053 1727 quod
1080 1690 1258 1726 quamque
1285 1677 1400 1714 habet
1425 1690 1493 1726 pro

97 1754 247 1790 quaque.
305 1742 439 1791 Itaque
474 1754 553 1778 non
588 1750 731 1780 temere
761 1742 984 1779 Gronouius
1013 1755 1046 1778 v.
1082 1745 1155 1791 183
1192 1742 1379 1791 Quamque
1413 1747 1498 1780 erat

98 1807 260 1844 Actaeon
286 1808 393 1844 sz'luz's
417 1808 620 1845 imitandus
644 1813 678 1845 et
700 1813 782 1845 ante
806 1807 925 1854 Quam
945 1808 1099 1845 canibus
1127 1822 1224 1845 noua
1248 1809 1389 1857 praeda
1403 1810 1498 1858 suit

98 1872 266 1909 malebat
302 1872 450 1921 Quaque
462 1886 482 1916 ;
520 1874 591 1910 etsi
619 1880 746 1923 potest
775 1874 827 1910 ibi
858 1874 972 1911 etiarn
1006 1873 1193 1923 Quamque
1223 1874 1388 1912 defendi.
1446 1875 1493 1910 In

97 1937 237 1975 eodem
264 1950 378 1975 uersu
409 1949 487 1986 500
517 1939 723 1976 rectissime
753 1939 905 1977 Gembl.
932 1941 1002 1984 ille,
1027 1940 1141 1976 ceteri
1170 1940 1354 1990 plerique,
1378 1940 1492 1977 etiam

99 2002 239 2050 Voss.²,
271 2004 369 2048 z'lla,·
409 2016 500 2040 nam
531 2005 589 2041 z'lle
618 2004 667 2041 ad
695 2017 899 2042 numerum
933 2005 1098 2052 refertur,
1131 2006 1234 2042 illam
1269 2019 1309 2043 u.
1339 2015 1410 2053 501
1445 2005 1494 2042 ad

98 2068 230 2106 Parte.
286 2068 459 2106 Variauit
479 2082 613 2118 genus,
636 2082 683 2106 ne
703 2077 759 2106 ter
780 2070 1004 2107 femininum
1025 2072 1092 2107 illa
1112 2072 1261 2108 rediret.

260 2133 447 2171 Tricenas
478 2134 587 2172 dabis
617 2148 664 2172 ex
695 2137 762 2172 illa
792 2148 858 2184 per
889 2136 1040 2183 singula
1069 2136 1190 2185 signa,

260 2198 397 2237 Donec
428 2200 576 2237 deficiat
606 2213 799 2246 numerus,
830 2213 982 2250 quaque
1012 2203 1072 2238 ille
1101 2203 1171 2239 sub
1201 2202 1310 2239 astris

261 2264 372 2302 Parte
401 2265 523 2311 cadet,
554 2265 688 2303 credas
719 2267 821 2303 illam
852 2278 939 2304 cum
970 2279 1133 2316 corpore
1163 2276 1292 2305 natam

260 2329 357 2367 Esse
386 2329 563 2367 hominis.

154 2394 224 2431 III.
248 2397 337 2443 508,
360 2405 436 2443 509
459 2396 511 2433 sie
531 2403 663 2433 extant
686 2397 725 2433 in
746 2395 898 2434 Gembl.

263 2460 371 2497 Stent
399 2461 478 2499 ueri
509 2461 700 2499 stellarum
730 2470 832 2499 ortus
862 2463 1017 2513 uerique
1048 2465 1227 2501 subortus

263 2525 452 2576 Denaque
482 2527 519 2563 in
549 2528 720 2577 proprias
750 2528 848 2566 uires
879 2536 1074 2578 sortesque
1104 2528 1292 2566 recedant.
