1786 2878
240 167 254 194 1
266 167 320 208 94
651 163 716 195 NO
724 164 847 195 CTES
875 164 1094 196 M.›‘1NJLJ.›1
1101 165 1168 196 NA
1176 164 1208 195 E

292 268 340 306 V.
362 271 549 317 461—465
572 269 625 307 sic
647 270 775 320 scripti
799 277 886 307 sunt
909 270 946 307 in
969 269 1123 308 Gembl.

399 345 483 384 Nec
514 346 641 384 minus
671 346 764 385 haec
793 347 981 385 scelerum
1012 347 1109 385 facie
1138 358 1344 397 rerumque
1374 347 1535 384 tumultu

401 417 637 455 Gaudebunt
666 419 734 455 atri
765 418 896 455 luxum
926 431 1141 458 memorare
1171 417 1361 467 sepulchri

401 483 708 533 Luctantemque
739 491 887 534 patrem
918 491 1010 521 nato
1039 483 1237 532 solemque
1267 496 1464 522 reuersum

403 549 452 586 Et
482 562 641 587 caecum
672 550 751 587 sine
782 550 862 587 sole
893 550 994 587 diem
1024 549 1189 587 thebana
1219 549 1364 586 iuuabit

290 616 369 664 465
399 614 537 652 Dicere
566 615 667 652 bella
695 615 790 652 uteri
821 615 1060 664 mixtumque
1090 614 1129 651 in
1159 614 1272 652 fratre
1302 621 1514 664 parentem.

292 693 363 738 461
389 691 483 729 haec
514 690 626 728 mss?
645 696 678 728 el
697 690 800 739 [ζῷς.
821 695 902 728 teste
928 691 1058 728 Iacobo
1085 698 1121 728 et
1152 691 1261 728 Voss.¹
1285 704 1303 728 0
1324 691 1344 728 b
1368 690 1440 729 hac
1462 691 1633 729 Iacobus.

238 759 312 804 462
345 769 434 794 aure
469 757 581 793 I'oss.2
610 757 678 794 atri
699 762 773 793 cell.
795 757 926 794 luxum
962 757 1139 801 l'ossz'am',
1164 756 1251 794 Cas.
1273 756 1380 805 [ζῷς.
1401 757 1545 795 luctum
1568 757 1588 794 b
1617 769 1636 794 0

237 823 428 871 sepulchri
470 823 578 860 Voss}
612 822 700 860 Cas.
731 827 764 860 el
794 836 892 859 corr.
922 823 1029 871 [sps.
1068 822 1269 871 sepulchra
1317 821 1431 860 Voss.2
1460 827 1495 859 et
1524 822 1634 871 Lz‘ps.

236 895 351 936 mpr.
392 890 467 936 463
498 888 806 937 Ructantemque
833 901 869 937 p.
892 896 1002 926 natos
1028 889 1162 925 coda-es
1174 889 1355 938 plerique.
1413 890 1490 936 464
1513 888 1633 926 titana

251 954 361 991 Voss}
385 953 530 990 tithan-a
553 953 641 991 Clas.
664 954 792 991 tibana
820 967 850 990 0.

293 1018 570 1056 Describuntur
600 1020 678 1056 nati
710 1020 854 1057 oriente
884 1018 1055 1068 Cepheo,
1087 1019 1125 1055 in
1156 1019 1215 1056 his
1247 1018 1449 1068 scriptores
1481 1025 1633 1067 tragoe-

239 1084 399 1122 diarum.
448 1086 554 1122 Tum
575 1092 854 1123 commemorat
874 1084 1008 1122 harum
1030 1091 1268 1133 argumenta,
1284 1084 1478 1134 Thyestae
1498 1097 1635 1122 cenam

239 1163 315 1198 qua
337 1162 425 1187 suos
445 1156 556 1188 natos
586 1151 744 1196 uorauit,
767 1163 884 1200 quam
913 1150 1212 1200 perhorrescens
1233 1150 1301 1196 sol,
1324 1163 1371 1188 ne
1392 1149 1636 1199 pollueretur,

241 1216 386 1263 aufugit
400 1215 523 1266 (Hyg.
538 1216 629 1253 Fab.
647 1216 758 1266 258);
782 1216 923 1253 bellum
941 1216 1045 1266 quod
1066 1216 1162 1253 inter
1179 1228 1217 1253 se
1239 1222 1439 1265 gesserunt
1458 1215 1637 1253 Eteocles

240 1289 276 1319 et
298 1281 497 1330 Polynices
517 1282 566 1319 ab
586 1282 734 1319 incesto
754 1293 877 1331 usque
904 1281 1035 1318 matris
1062 1287 1169 1318 utero
1197 1281 1266 1318 sibi
1293 1281 1457 1319 inuicem
1482 1280 1633 1326 infensi,

240 1347 434 1396 Oedipum
461 1347 571 1384 matri
600 1359 690 1384 suae
720 1347 893 1385 iunctum
921 1347 1090 1384 conubio
1118 1353 1159 1384 ut
1185 1346 1298 1384 frater
1318 1347 1416 1384 natis
1444 1346 1635 1384 euaderet.

242 1410 374 1447 'Vnum
409 1416 466 1447 est
496 1410 603 1459 quod
642 1410 805 1448 dubitari
839 1410 971 1460 possit,
1003 1410 1122 1447 uerba
1157 1411 1239 1446 alrz'
1268 1411 1405 1447 luxum
1439 1422 1640 1446 memorare

423 1485 435 1505 Ζ

239 1519 433 1568 sepulchra
454 1518 502 1556 ad
523 1518 760 1568 Antigonam
791 1532 841 1556 an
868 1518 917 1556 ad
938 1519 1098 1556 Atreum
1128 1525 1165 1556 et
1186 1517 1383 1568 Thyesten
1410 1518 1637 1567 pertineant.

241 1585 341 1622 Illud
373 1584 553 1633 Scaliger,
584 1585 658 1622 hoc
688 1583 884 1621 Bentleius
919 1585 1099 1634 opinatus
1131 1590 1200 1621 est.
1269 1584 1362 1622 Non
1393 1584 1558 1621 multum
1588 1584 1639 1621 ad

241 1650 341 1687 hanc
371 1662 451 1687 rem
480 1649 636 1700 prodest
662 1650 767 1701 quod
797 1650 981 1687 Manilius
1011 1650 1170 1688 exordio
1198 1649 1283 1687 libri
1313 1649 1374 1687 ΙΙΙ
1404 1649 1468 1686 ubi
1498 1649 1636 1686 similia

242 1716 430 1761 tractauit,
462 1716 629 1765 primum
663 1722 810 1765 septem
850 1716 995 1754 ducum
1030 1715 1172 1753 bellum
1209 1715 1259 1753 ad
1291 1715 1462 1760 Thebas,
1498 1714 1640 1752 deinde

244 1780 459 1829 Oedipodis
488 1781 689 1826 incestum,
711 1782 820 1819 tertio
852 1781 1047 1831 Thyestae
1077 1793 1214 1818 cenam
1240 1780 1431 1818 enarrauit
1456 1777 1639 1831 (15-19)‚

242 1846 290 1883 de
316 1846 512 1895 Antigona
546 1846 639 1883 nihil
672 1846 776 1884 dixit.
845 1846 929 1885 Nec
969 1846 1083 1895 longe
1123 1847 1230 1884 abest
1269 1858 1292 1883 a
1332 1845 1478 1894 traditis
1509 1845 1641 1883 litteris

244 1911 423 1949 codicum
453 1912 570 1949 uerba
599 1912 652 1948 sic
682 1912 868 1960 refingere

407 1976 665 2014 Gaudebunt:
691 1978 820 2028 fratri
849 1977 992 2014 clusam
1022 1989 1236 2014 memorare
1267 1975 1483 2026 sepulchro,

244 2060 283 2090 ut
316 2053 515 2102 Antigona
554 2053 787 2102 significetur
830 2053 1035 2103 sepulchro
1077 2053 1224 2091 inclusa
1267 2065 1316 2090 ne
1355 2052 1471 2089 frater
1512 2052 1640 2102 sepul-

245 2120 338 2157 chro
369 2126 525 2156 careret.
597 2118 674 2156 Sed
709 2126 838 2156 tamen
874 2119 1026 2168 saepius
1059 2119 1187 2156 locum
1219 2118 1479 2156 consideranti
1515 2119 1642 2155 uerior

246 2185 337 2221 mihi
362 2185 511 2222 uidetur
534 2185 666 2222 Iacobi
695 2184 915 2222 emendatio
936 2185 1057 2230 Atrei,
1079 2192 1117 2222 et
1142 2183 1218 2222 hoc
1248 2184 1370 2232 magis
1392 2182 1498 2233 quod
1527 2196 1576 2220 ne
1601 2184 1641 2220 in

245 2264 335 2287 anre
350 2251 506 2300 quidem
527 2250 630 2299 quod
651 2250 764 2287 habet
782 2250 911 2288 Voss?
931 2251 1140 2301 quicquam
1161 2250 1336 2300 proditur
1351 2249 1457 2299 quod
1477 2249 1640 2287 amissas

1257 2314 1328 2345 atri

246 2367 334 2397 ante
372 2373 396 2396 a
434 2360 574 2397 litteras
612 2366 780 2397 testetur.
838 2359 936 2405 Fuit,
971 2360 1043 2397 nisi
1078 2358 1197 2404 fallor,
1231 2371 1323 2395 aure
1360 2358 1508 2404 luxum,
1547 2359 1648 2395 atrei

246 2426 414 2462 elsxum:
442 2438 559 2475 quam
580 2424 735 2474 quidem
764 2424 933 2461 fabulam
961 2424 1156 2462 Bentleius
1183 2424 1305 2461 innuit
1332 2436 1420 2461 cum
1444 2424 1563 2461 uerba
1589 2424 1642 2461 sic

249 2491 450 2539 refingeret
484 2491 569 2527 uiui
602 2490 744 2526 bustum
785 2503 985 2527 memorare
1018 2490 1212 2539 sepulchri,
1242 2488 1440 2538 Thyesten
1470 2488 1643 2526 indicans

248 2556 313 2605 qui
342 2556 433 2593 dum
463 2563 574 2594 natos
602 2555 767 2593 comedit
790 2555 898 2605 quasi
923 2557 1082 2604 ἔμψυχος
1106 2558 1217 2603 τάφος
1241 2554 1294 2592 eis
1320 2554 1441 2593 sactus
1468 2561 1535 2592 est.
1592 2553 1642 2591 Et
