1786 2878
798 132 863 163 Π]
1468 132 1518 174 91

131 239 368 290 stridensque
388 239 452 277 bo.
511 251 585 288 329
618 237 840 287 Digrediere
860 238 879 275 b
900 251 918 274 0
942 236 1029 274 Cus.
1087 248 1164 284 330
1193 235 1296 274 orbis
1325 233 1523 271 Bentlems.

134 318 206 354 331
241 305 437 342 inclinauit
473 304 646 342 Vossiani
669 303 783 349 ambo,
815 302 902 340 Cus.
929 303 1124 340 inclinabit
1150 301 1170 338 b
1191 315 1219 338 0.
1278 313 1352 349 332
1385 299 1523 337 fuerint

131 370 151 407 b
167 383 197 408 ο.
254 370 388 407 limitet
417 376 504 408 octo
534 367 644 406 VOSS.l
669 368 757 406 Cus.
778 368 913 405 limites
933 374 1023 417 octo
1054 365 1167 404 Voss.²
1189 366 1307 403 limite
1331 371 1436 402 recto
1464 364 1521 402 bo.

133 447 208 484 333
237 435 425 473 ducuntur
447 435 581 471 codices
606 435 729 470 nostri
743 447 872 479 omnes,
895 434 1116 481 durauilque
1135 432 1175 468 in
1194 432 1245 468 ed.
1265 430 1521 467 Molz'm'anam

129 513 164 537 α.
189 511 234 548 15
241 510 302 548 51,
323 501 495 549 quamuis
514 500 699 536 ducentur
718 500 850 536 editum
871 500 923 535 sil
940 500 978 535 in
999 499 1050 535 ed.
1072 497 1343 535 Boninconlrz‘i
1358 509 1391 532 a.
1419 497 1520 542 1484

186 565 326 604 Totius
351 565 560 603 sententiae
580 570 768 602 structura
787 564 1012 613 impeditior.
1071 562 1174 600 Nam
1195 562 1359 612 protasis
1380 573 1478 611 quae
1499 573 1522 597 a

129 643 165 668 u.
190 641 265 679 325
286 631 415 680 incipit
434 630 620 678 Quicquid
633 635 735 666 temet
742 630 1003 678 praezcerlerllffi
1020 635 1227 678 postquam
1247 627 1521 664 interueniente

129 696 289 734 relatiuo
311 698 399 744 326,
425 704 443 743 7
478 694 596 741 Quam
624 700 762 732 nalurcz
788 696 974 743 suspendit
995 699 1027 731 el
1051 695 1252 731 decircinat
1272 694 1431 742 abrupta
1454 698 1520 736 est,

129 773 259 798 rursus
280 761 317 798 in
340 762 416 809 328
438 760 547 810 Ergo
563 761 628 798 ubi
642 761 856 806 resumitur,
875 773 946 797 nec
966 760 1036 797 nisi
1057 772 1092 796 u.
1112 771 1189 808 330
1210 758 1375 808 denique
1387 757 1520 794 Altera

129 827 299 864 reddetur
318 826 500 875 apodosis
520 826 569 863 fit.

183 903 219 929 u.
243 904 318 940 324
349 903 428 929 non
463 898 542 928 erat
573 903 641 929 cur
671 891 924 940 praeuerleris
962 890 1210 939 corrigeretur
1247 889 1286 926 in
1325 888 1522 925 deuerleris

131 956 309 1003 Bentleii,
320 956 618 1006 uelprouerlerz's
631 956 819 1006 Pingraei,
828 957 889 994 uel
906 956 1070 1006 denique
1075 956 1327 1005 praeuerleril
1341 953 1520 1002 Scaligeri

129 1029 165 1060 et
195 1021 339 1059 Huetii.
400 1021 586 1071 Quicquid
610 1027 712 1059 temet
728 1023 980 1071 praeuerlerllr
1006 1022 1052 1059 de
1080 1034 1128 1059 eo
1158 1021 1291 1058 dicitur
1319 1020 1383 1070 qui
1417 1021 1520 1056 uiam

128 1087 272 1125 faciens
292 1087 499 1125 identidem
528 1088 765 1137 interrumpit
796 1088 857 1125 uel
884 1087 1058 1124 nondum
1079 1094 1264 1136 peruento
1291 1087 1339 1123 ad
1358 1086 1395 1123 id
1417 1085 1521 1135 quod

128 1154 283 1202 petebat
299 1165 453 1190 cursum
474 1153 683 1190 intermittit
703 1161 738 1191 et
754 1153 957 1203 paullisper
978 1153 1172 1191 consistit:
1201 1152 1313 1189 ‘each
1334 1153 1423 1189 time
1443 1163 1520 1201 you

129 1219 206 1268 pull
236 1218 410 1267 yourself
429 1216 504 1267 up,'
528 1221 536 1236 ⁴
551 1225 589 1255 at
609 1231 720 1267 every
740 1218 817 1255 halt
838 1231 913 1267 you
935 1217 1069 1256 make?
1129 1218 1232 1256 Huic
1253 1217 1521 1266 significationi

129 1284 264 1321 melius
286 1284 467 1321 conuenit
488 1284 533 1320 ab
553 1288 714 1321 extremo
735 1296 810 1320 axe
824 1286 832 1301 ‘
846 1283 951 1321 short
967 1283 1011 1321 of
1027 1284 1207 1333 reaching
1221 1283 1283 1320 the
1300 1283 1385 1332 pole
1401 1290 1438 1319 at
1459 1282 1520 1319 the

129 1347 353 1398 extremity.’
412 1347 510 1386 Mox
534 1358 609 1397 325
632 1361 746 1398 quem
768 1361 922 1386 uersum
944 1349 1137 1386 Bentleius
1159 1350 1212 1387 sic
1232 1349 1442 1398 refingebat

291 1413 364 1451 Per
393 1425 569 1451 connexa
600 1415 751 1451 trahens
780 1426 954 1462 gressum
984 1414 1134 1464 fastigia
1164 1421 1284 1452 terrae

130 1479 295 1517 Iacobus

290 1544 363 1582 Per
392 1556 568 1582 conuexa
598 1557 726 1594 regens
755 1557 930 1594 gressum
960 1545 1109 1594 fastigia
1139 1552 1260 1583 terrae

129 1610 293 1647 Huetius
308 1611 456 1659 gradus
469 1624 640 1659 gressum
662 1612 713 1648 sic
743 1617 783 1648 ut
811 1612 846 1648 in
871 1611 1023 1649 Gembl.
1044 1611 1226 1660 scriptum
1256 1618 1323 1656 est,
1345 1612 1520 1648 tuebatur

127 1688 174 1712 ex
192 1675 370 1713 Plautinis
392 1676 629 1713 machinabor
644 1677 864 1720 machinam,
881 1678 1010 1714 turbas
1029 1677 1165 1722 turbat,
1180 1678 1387 1713 scruz'lulem
1403 1691 1519 1714 serut-

127 1745 203 1786 anl,
226 1745 344 1777 testem
375 1745 492 1786 testor,
515 1741 687 1778 obsonabo
713 1742 906 1779 obsonium.
957 1741 1075 1788 Quod
1098 1754 1171 1791 ego
1197 1748 1238 1779 ut
1264 1742 1328 1779 uix
1357 1743 1520 1780 scribere

128 1817 213 1843 reor
237 1804 439 1843 Manilium
459 1807 640 1855 potuisse,
663 1808 715 1844 sic
737 1807 893 1856 propius
915 1820 937 1845 a
956 1820 1046 1845 uero
1074 1808 1213 1845 distare
1234 1807 1349 1845 credo
1370 1808 1519 1845 coniec-

127 1871 219 1908 turis
239 1877 475 1908 ceterorum:
507 1883 598 1908 nam
1465 1864 1472 1869 ⁷

290 1935 361 1974 Per
390 1948 564 1974 connexa
586 1937 718 1985 gradu
747 1949 919 1986 gressum
949 1937 1098 1987 fastigia
1127 1945 1249 1976 terrae

128 2008 165 2039 et
186 2001 300 2039 latine
322 2008 358 2038 et
384 2013 470 2038 cum
491 2002 529 2038 ui
559 2002 725 2039 dicturus
752 2009 842 2048 erat,
865 2010 904 2040 ut
925 2015 1013 2040 cum
1043 2004 1239 2041 molimine
1269 2004 1519 2042 scandentem

127 2079 195 2116 per
223 2067 341 2103 ardua
370 2074 405 2104 et
434 2067 650 2116 inaequalia
680 2068 922 2105 describeret.
990 2069 1040 2106 Et
1069 2069 1141 2107 hoc
1170 2076 1338 2119 praestat
1367 2069 1520 2107 lectioni

127 2130 258 2169 Voss.²
282 2133 421 2181 grauis
433 2145 453 2175 ,·
482 2132 566 2170 licet
592 2145 640 2170 ne
669 2133 707 2169 id
738 2133 895 2182 quidem
927 2134 1186 2183 spernendum
1211 2135 1268 2181 sit,
1295 2147 1365 2172 nec
1394 2135 1520 2184 inepte

128 2196 311 2234 referatur
330 2197 378 2234 ad
398 2209 552 2234 cursum
566 2197 669 2234 tarde
689 2198 897 2246 gradientis
917 2212 984 2248 per
997 2199 1227 2249 confragosa
1242 2201 1326 2237 loca
1346 2206 1466 2237 terrae
1483 2207 1520 2237 et

129 2262 246 2311 pedes
267 2262 526 2312 degrauantia.
588 2261 718 2300 Gradi
738 2263 775 2299 in
801 2263 874 2301 hoc
895 2276 965 2302 usu
989 2265 1127 2311 tritum,
1150 2265 1284 2303 Catull.
1306 2265 1354 2303 xi.
1377 2278 1411 2313 9.
1433 2264 1521 2303 Siue

128 2332 235 2364 trans
255 2328 352 2364 allas
365 2329 566 2376 gradietur
585 2327 709 2376 Alpes.

186 2392 375 2430 Secuntur
398 2395 486 2441 326,
510 2404 585 2441 327
608 2406 704 2443 quos
728 2394 892 2431 Iacobus
909 2407 955 2432 ex
976 2396 1174 2434 codicibus
1196 2396 1273 2433 suis
1294 2397 1346 2433 sic
1367 2396 1483 2434 edidit

292 2457 421 2503 Quam
452 2459 557 2495 tereti
588 2465 720 2496 natura
750 2459 832 2497 solo
861 2460 1066 2498 decircinat
1095 2463 1227 2499 orbem

293 2523 338 2559 In
369 2523 554 2560 tumidum
584 2530 619 2560 et
651 2524 815 2561 mediam
846 2526 883 2561 in
914 2527 1058 2564 mundo
1089 2527 1284 2575 suspendit
1314 2527 1362 2564 ab
1392 2528 1497 2564 omni
