1786 2878
846 153 878 185 V
1476 148 1553 188 181

162 267 229 299 est.
285 260 479 298 Nimirum
499 272 580 298 non
599 258 647 297 de
666 259 749 298 foro
769 258 1002 308 litigantium
1022 259 1082 298 uel
1103 260 1175 298 alia
1200 260 1250 299 ibi
1278 261 1435 310 negotia
1458 268 1557 299 trac-

162 326 322 364 tantium
342 326 403 364 hic
425 326 558 375 agitur,
582 325 650 363 sed
670 324 719 362 de
739 336 880 362 uenere
900 332 936 362 et
957 325 1049 362 uino
1070 333 1107 363 et
1127 326 1266 363 horum
1290 327 1430 364 comite
1458 326 1555 365 alea.

162 390 304 429 Forum
323 391 437 441 igitur
456 398 513 428 est
536 390 665 428 tabula
686 390 839 435 lusoria,
860 402 977 439 quam
1000 392 1107 439 ponit
1131 391 1170 428 in
1197 404 1374 429 mensam
1405 392 1483 430 otio
1511 405 1556 430 ac

159 454 260 494 lusui
289 456 504 505 indulgens.
561 455 709 493 Seneca
728 455 777 493 ad
796 455 931 504 Polyb.
953 455 1000 493 de
1022 455 1178 494 Consol.
1199 457 1286 493 xvii.
1310 456 1372 507 (C.
1397 455 1556 508 Caesar)

159 522 199 558 in
230 521 379 559 Albano
411 534 476 559 suo
508 522 652 559 tesseris
684 534 729 557 ac
751 521 848 569 foro
886 525 921 558 et
951 523 1189 569 †pern0catz's
1224 521 1362 572 (pyrgo
1396 523 1555 572 talisque

164 585 352 638 Gertzz'us)
390 592 424 625 et
453 587 668 624 huiusmodi
695 587 785 624 aliis
817 588 1111 636 occupationibus
1144 589 1377 625 acerbzlssl'mi
1396 589 1556 636 funeris

158 653 323 690 eleuabat
334 653 445 690 mala.
481 652 644 690 Ouidius
661 651 701 688 P.
716 652 760 689 iv.
782 665 814 689 2.
833 664 894 698 41,
914 665 961 699 42
984 665 1046 689 nec
1065 655 1194 690 uinum
1215 667 1277 690 nec
1296 667 1350 690 me
1368 658 1459 690 tenet
1474 654 1554 690 alea

142 719 299 769 fallax,
322 719 403 756 Per
421 731 512 767 quae
529 718 625 755 clam
645 719 797 754 tacitum
817 722 954 766 tempus
973 719 1076 756 abire
1094 720 1190 757 solet.
1248 719 1350 757 Suet.
1373 719 1507 758 Claud.
1531 730 1552 767 5

157 784 338 822 ebrietatis
356 796 491 833 quoque
509 787 543 821 et
558 783 657 820 aleae
676 784 877 834 infamiam
897 784 1019 821 subiit.
1076 784 1261 823 Menand.
1281 785 1323 823 fr.
1339 798 1415 834 914
1438 784 1554 823 Kock

156 852 257 886 ποτ-οὶ
276 852 436 896 ξυνεχεῖς,
457 849 564 890 κύβοι.

212 914 294 952 Sua
322 915 445 963 detque
472 914 553 951 siue
581 921 622 951 ut
650 913 713 952 alii
741 914 856 952 codd.
875 916 1079 964 suadetque,
1104 915 1272 966 Scaliger
1296 917 1335 953 in
1355 930 1391 953 se
1409 917 1548 965 datque,

155 979 323 1017 Iacobus
352 979 391 1016 in
419 993 489 1016 sua
519 980 650 1028 datque
678 980 855 1017 correxit.
913 980 1120 1018 Stoeberus
1147 994 1194 1018 ex
1218 982 1390 1020 Parisino
1419 982 1552 1019 codice

156 1044 210 1093 (et
225 1045 278 1082 sic
291 1045 328 1095 b)
344 1046 464 1082 madet
481 1050 587 1093 atque
606 1045 734 1091 edidit,
752 1046 896 1091 melius,
915 1046 1063 1095 opinor,
1082 1047 1315 1095 repositurus
1332 1048 1551 1096 maduitque.

157 1110 234 1147 Sed
247 1111 427 1148 omnibus
441 1110 498 1147 his
512 1110 807 1160 praeferendum
821 1111 949 1148 iudico
963 1111 1232 1149 Bentleianum
1245 1114 1437 1149 suadente:
1457 1125 1550 1150 nam

155 1177 411 1225 mandrasque‚
432 1176 536 1225 quod
566 1189 613 1213 ex
645 1175 759 1213 Mart.
780 1177 839 1215 vii.
866 1186 924 1225 72.
950 1179 972 1213 8
993 1176 1180 1214 Mandris
1207 1183 1240 1215 et
1266 1180 1381 1215 uitreo
1409 1180 1550 1215 latrone

153 1243 271 1279 clusas
299 1242 519 1291 explicatur,
541 1241 695 1291 longius
724 1243 866 1280 recedit
897 1255 919 1279 a
949 1242 1079 1280 litteris
1108 1243 1262 1281 Gembl.
1289 1251 1326 1282 et
1356 1245 1549 1282 bonorum

153 1307 344 1345 codicum.
386 1307 506 1354 Quod
525 1307 565 1344 in
587 1320 663 1356 324
686 1321 747 1345 ore
766 1321 814 1346 ex
834 1308 931 1346 coni.
948 1308 1057 1357 posui
1075 1307 1133 1360 (1)
1154 1308 1227 1347 hoc
1247 1322 1294 1347 ex
1316 1312 1396 1346 irae
1411 1310 1548 1347 eodem

1357 1374 1369 1394 Ζ

153 1405 273 1443 modo
301 1404 496 1454 corrumpi
519 1405 640 1455 potuit
661 1417 738 1455 quo
759 1406 798 1442 in
818 1405 957 1444 Auian.
980 1405 1070 1444 Fab.
1095 1407 1236 1446 xxxvii.
1259 1409 1280 1444 8
1302 1409 1420 1453 abore,
1443 1421 1500 1445 xv.
1526 1421 1544 1444 2

154 1472 259 1507 z'nz'ra
286 1470 347 1507 uel
365 1471 462 1507 inire
481 1482 551 1520 pro
570 1471 610 1507 z'n
630 1484 696 1508 ora
716 1478 915 1509 exaratum
936 1478 1006 1509 est.
1061 1471 1112 1509 Et
1136 1473 1190 1510 sic
1211 1472 1411 1511 Vossiani²
1431 1473 1546 1511 lectio

617 1545 670 1565 07¹8

152 1583 259 1617 artor
276 1579 497 1629 explicatur,
512 1579 548 1616 h.
564 1592 596 1617 e.
614 1584 693 1616 arte
709 1578 769 1631 (2)
784 1580 907 1629 potuit
923 1580 997 1618 dici
1019 1594 1168 1618 scaenae
1180 1593 1241 1618 ore
1256 1583 1401 1620 mollior
1416 1584 1548 1620 ‘more

152 1644 297 1682 mobile
315 1644 408 1682 than
428 1645 492 1682 the
513 1644 677 1682 features
703 1645 749 1682 of
768 1646 830 1683 the
852 1646 982 1693 stage,'
1003 1647 1069 1696 qui
1089 1659 1227 1684 omnes
1248 1647 1418 1685 adfectus
1438 1648 1547 1685 uultu

151 1710 339 1759 exprimit.
395 1709 552 1757 Quintil.
586 1711 616 1747 I.
650 1723 709 1747 11.
746 1723 761 1747 1
803 1710 985 1748 Dandum
1023 1713 1171 1760 aliquid
1203 1714 1361 1749 comoedo
1399 1726 1547 1762 quoque,

151 1776 236 1812 dum
257 1781 411 1821 eatenus,
431 1789 505 1824 qua
524 1777 804 1824 pronuntiandi
816 1779 1003 1814 scientiam
1017 1778 1188 1827 ficturus
1208 1783 1335 1815 orator
1355 1780 1546 1817 desederat.

151 1854 213 1877 nec
250 1841 345 1878 uilia
378 1841 562 1878 ebrietatis
593 1842 752 1891 effingat
777 1855 840 1878 nec
869 1844 1004 1879 seruz'lz'
1029 1844 1236 1880 uernz'lz'tate
1267 1844 1457 1881 imbuatur
1485 1857 1549 1881 nec

150 1908 291 1943 amoris
322 1908 510 1943 auaritiae
542 1912 653 1944 metus
685 1908 806 1944 discat
836 1908 1017 1957 affictum
1053 1936 1063 1946 .
1093 1935 1102 1945 .
1132 1937 1142 1947 .
1171 1909 1390 1946 Plurimum
1426 1914 1547 1946 tamen

152 1968 310 2024 (orator)
331 1972 450 2009 aberit
475 1986 498 2009 a
527 1974 688 2009 scaenico
718 1986 780 2009 nec
807 1974 912 2010 uultu
941 1987 1001 2010 nec
1032 1986 1145 2011 manu
1173 1987 1236 2011 nec
1263 1975 1546 2013 excursionibus

149 2038 301 2074 nimius.
359 2036 447 2075 Sen.
467 2037 589 2087 Epist.
610 2038 646 2074 ii.
669 2050 691 2084 4
721 2039 821 2075 nz'lzz‘l
845 2043 927 2075 erat
952 2040 1097 2076 mollius
1126 2052 1186 2076 ore
1213 2040 1410 2089 Pompeii:
1449 2053 1544 2077 nun-

149 2115 260 2152 quam
280 2115 351 2139 non
371 2116 496 2140 coram
516 2103 694 2152 pluribus
714 2103 841 2140 rubuit
866 2103 938 2140 alia
966 2104 1258 2154 significatione.
1315 2105 1406 2156 Ipse
1427 2104 1543 2143 Man-

151 2166 238 2204 ilius
259 2167 305 2204 de
326 2168 504 2206 scaenico
527 2181 603 2216 324
625 2169 822 2218 refiretque
841 2169 1028 2218 affectibus
1047 2182 1127 2207 ora.

204 2231 252 2270 V.
275 2243 352 2281 325
373 2245 459 2283 sqq.
481 2234 532 2271 sic
554 2239 686 2271 extant
706 2234 745 2270 in
765 2233 921 2271 Gembl.

310 2297 427 2336 Nune
457 2306 635 2348 surgente
665 2299 744 2348 lyra
772 2299 971 2337 testudinis
1000 2307 1129 2338 enatat
1158 2300 1271 2338 undis

310 2363 452 2402 Forma
481 2377 550 2414 per
578 2365 759 2402 heredem
788 2372 936 2402 tantum
966 2365 1070 2415 pfata
1099 2365 1302 2416 (praefata)
1333 2367 1505 2405 sonantis

311 2428 402 2475 Qua
430 2429 628 2480 quondam
657 2430 904 2479 sonitumque
934 2430 1057 2468 ferens
1087 2443 1134 2469 oe
1163 2432 1291 2480 graius
1323 2431 1504 2482 Orpheus

311 2494 360 2532 Et
389 2507 523 2532 sensus
552 2496 720 2545 scopulis
749 2502 785 2533 et
814 2496 918 2534 siluis
947 2496 1093 2533 addidit
1122 2509 1234 2534 aures

311 2558 360 2597 Et
390 2560 455 2598 diti
486 2560 674 2599 lacrumas
705 2568 741 2599 et
770 2561 881 2599 morti
913 2561 1077 2612 denique
1108 2562 1236 2600 finem.
