1786 2878
780 154 826 185 II
1455 156 1507 200 75

121 260 208 297 meis
244 260 433 298 aduertere
463 260 592 309 coeptis
625 258 767 296 Aurem
806 259 990 308 oculosque
1013 263 1128 309 poles,
1163 272 1272 297 ueras
1302 264 1336 297 el
1361 261 1507 311 percipe

83 365 87 369 ,
118 337 231 362 uoces.

174 389 225 428 II.
247 401 336 439 935,
358 392 380 428 6
410 390 465 429 sic
484 396 615 429 extant
634 390 672 428 in
693 389 847 428 Gembl.
1013 431 1016 435 ,

657 457 782 505 prima
810 461 866 492 est
894 454 1011 492 tutela
1039 455 1203 493 duorum

228 519 466 559 Nascentum
495 527 609 570 atque
638 527 789 570 patrum
818 532 916 570 quae
946 521 1009 558 tali
1037 521 1193 558 condita
1222 532 1310 571 pars
1339 526 1406 558 est.

121 587 131 604 ‘
145 584 308 623 duorum
327 599 377 623 ex
398 587 556 624 deorum
576 598 672 623 corr.
684 593 751 635 pr.
766 598 812 622 m.
833 591 1013 635 expuncto
1034 598 1055 624 e
1074 591 1109 623 el
1125 593 1305 635 superscr.
1325 598 1350 623 u
1361 594 1427 636 pr.
1448 585 1507 624 m)

123 649 353 688 Thomas-ius.

164 722 265 764 pars
309 720 362 753 est
398 716 562 763 codices,
606 715 721 754 etiam
761 729 790 762 0,
831 727 920 753 cum
959 715 1163 754 manifesto
1196 721 1345 765 parles!
1384 717 1508 766 requi-

119 787 234 818 ratur.
291 780 483 819 Nimirum
513 783 694 831 scriptum
716 781 838 819 fuerat
867 793 1061 827 PARTEST;
1092 782 1165 820 hoc
1189 782 1228 818 in
1249 795 1425 828 PARSEST,
1446 782 1507 819 uel

119 845 291 893 fortasse,
321 846 352 884 si
381 847 523 886 seriore
548 848 705 886 demum
735 859 832 885 aeuo
861 859 965 885 error
994 847 1160 897 inrepsit,
1183 852 1332 896 parles!
1358 848 1507 886 uidetur

119 911 269 950 abiisse.

173 976 225 1014 ΙΙ.
248 990 432 1027 939-942
465 978 519 1016 sic
540 985 627 1016 sunt
645 978 684 1015 in
706 977 860 1016 Gembl.

227 1041 344 1080 Nunc
373 1056 445 1092 age
474 1050 694 1093 surgentem
722 1044 848 1093 primo
877 1043 924 1081 de
953 1043 1108 1080 cardine
1138 1043 1325 1081 mundum

229 1107 392 1158 Respice
422 1121 498 1159 qua
527 1110 649 1147 solido
679 1109 873 1147 nascentIa
902 1108 1010 1158 signa
1040 1121 1193 1146 recursu

227 1173 424 1224 Incipiunt
451 1175 580 1213 uiridis
609 1174 743 1224 gelidis
771 1181 808 1212 et
838 1173 989 1211 Phebus
1020 1175 1069 1211 ab
1098 1174 1210 1212 undis

226 1239 370 1278 Enatat
399 1248 436 1278 et
463 1240 569 1277 fuluo
599 1241 779 1290 paulatim
808 1240 1029 1277 accenditur
1058 1240 1157 1289 igne.

174 1317 253 1353 940
282 1305 616 1344 solido—recursu
637 1306 769 1343 codices
816 1305 949 1342 solitos
969 1317 1142 1343 recursus
1163 1305 1361 1343 Bentlez'zcs.

174 1370 366 1409 Notabilis
392 1371 500 1408 locus
528 1377 683 1420 propter
712 1371 890 1420 opposita
910 1369 1076 1420 epitheta
1095 1371 1243 1416 uiridis,
1253 1371 1382 1419 fuluo.
1441 1371 1505 1410 Sol

119 1436 247 1473 oriens
265 1449 312 1473 ex
341 1436 453 1474 undis
472 1437 600 1474 colore
621 1437 734 1473 maris
755 1436 918 1473 inficitur
938 1436 1134 1483 caeruleo;
1165 1437 1405 1485 prouectiore
1426 1438 1503 1474 iam

119 1501 180 1538 die
201 1514 291 1539 cum
311 1502 412 1540 orbis
433 1501 589 1539 calidior
612 1501 733 1539 factus
753 1508 819 1546 est,
841 1501 1023 1550 paulatim
1045 1513 1092 1538 ex
1120 1501 1294 1540 caeruleo
1323 1502 1450 1540 fuluus
1470 1510 1508 1540 et

120 1566 300 1604 flammeo
330 1567 454 1617 magis
483 1573 541 1604 est
569 1567 723 1604 lumine.
784 1567 923 1604 Wrzdz's
943 1567 1110 1604 mundus
1132 1567 1253 1604 dictus
1273 1574 1329 1606 est
1352 1581 1374 1605 a
1393 1574 1508 1617 poeta

119 1632 263 1682 Lydiae
294 1646 343 1681 39
374 1633 470 1684 (Dir.
498 1632 590 1683 142)
619 1632 753 1671 Sidera
773 1639 846 1681 per
873 1633 1029 1669 uiridem
1058 1633 1207 1669 redeunt
1231 1646 1336 1682 quom
1357 1634 1506 1682 pallida

119 1699 305 1744 mundum,
338 1698 405 1735 sed
443 1698 490 1736 de
530 1698 749 1747 uespertino
787 1698 918 1744 cae103
960 1697 1021 1735 hic
1056 1698 1103 1735 de
1137 1699 1337 1736 matutino.
1414 1698 1507 1736 Non

118 1762 337 1801 innotuerat
356 1775 491 1801 uersus
511 1763 658 1801 Manilii
680 1763 830 1801 Naekio
851 1763 899 1800 ad
920 1762 1016 1812 Lyd.
1040 1776 1101 1811 39,
1123 1764 1232 1801 cuius
1252 1764 1381 1810 uerba,
1402 1771 1443 1801 ut
1468 1765 1507 1801 in

117 1828 269 1878 poetico
308 1841 484 1866 sermone
522 1829 759 1875 curadssimi,
792 1829 882 1866 libet
918 1828 980 1866 hic
1019 1830 1252 1866 subnectere.
1312 1832 1321 1848 ‘
1344 1829 1506 1867 Vz‘rz’dem

118 1894 307 1931 mundum
336 1894 371 1931 h.
387 1907 419 1932 e.
449 1895 599 1932 caelum
628 1907 747 1944 quum
782 1894 875 1932 dixit
910 1894 1019 1940 Cato,
1049 1894 1155 1932 color
1186 1894 1344 1944 quidam
1372 1896 1507 1933 intelli-

119 1960 268 2008 gendus
298 1966 365 2006 est,
395 1960 493 1998 inter
526 1972 715 2009 cyaneum
749 1959 1002 2008 splendorem,
1033 1966 1072 1996 ut
1107 1960 1266 1997 Catonis
1299 1961 1423 1999 uerbis
1458 1974 1505 1998 ex

119 2024 221 2062 Diris
242 2032 336 2071 utar,
358 2025 481 2074 qualis
500 2037 583 2063 esse
604 2025 700 2062 solet
720 2025 823 2062 circa
843 2025 1012 2062 medium
1033 2025 1145 2071 diem,
1167 2031 1203 2062 et
1223 2027 1505 2063 tenebricosum

119 2091 254 2136 noctis,
275 2091 432 2128 medius.
488 2092 571 2128 Iam
599 2103 691 2129 uero
720 2091 802 2127 talis
829 2096 865 2127 et
893 2097 980 2128 ante
1010 2097 1133 2128 ortum
1160 2090 1250 2127 solis
1272 2092 1446 2137 cernitur,
1469 2098 1507 2128 et

119 2156 310 2194 antecedit
329 2168 512 2194 occasum
533 2156 633 2202 solis,
655 2156 839 2204 duratque
860 2162 946 2204 post
966 2167 1146 2193 occasum
1173 2168 1241 2204 per
1267 2156 1505 2206 aliquantum

120 2221 314 2270 temporis,
336 2228 401 2258 aut
425 2222 635 2259 simillimus
656 2221 777 2266 uiridi,
800 2227 863 2258 aut
883 2221 1012 2258 uiridis
1034 2233 1072 2258 re
1092 2219 1205 2258 ueras

176 2285 253 2324 Sed
273 2299 353 2324 non
374 2287 496 2324 solum
502 2287 622 2336 fuluo
642 2287 850 2335 opponitur
870 2287 1016 2332 uiridis,
1038 2286 1104 2323 sed
1129 2298 1151 2323 a
1171 2292 1353 2334 sequente
1383 2287 1503 2323 uerbo

115 2352 249 2400 gelidis
278 2352 445 2389 colorem
475 2352 682 2401 quemdam
703 2351 837 2397 trahit;
867 2351 1095 2389 cohaerente
1124 2351 1282 2388 notione
1311 2351 1440 2388 uiridis
1469 2358 1504 2388 et

120 2417 246 2465 gelidi,
269 2429 384 2467 quam
409 2418 524 2455 maris
551 2429 673 2467 aquae
701 2428 949 2454 communem
979 2416 1132 2461 habent,
1152 2422 1191 2452 ut
1218 2415 1309 2452 fului
1336 2422 1372 2452 et
1392 2416 1503 2453 calidi

121 2493 237 2531 quem
258 2482 338 2520 sol:
368 2482 415 2520 de
436 2495 512 2532 qua
527 2482 723 2532 reciproca
743 2482 779 2519 ui
800 2482 1072 2520 adiectiuorum
1094 2481 1171 2519 dixi
1193 2481 1240 2518 ad
1262 2481 1398 2519 Catull.
1416 2481 1503 2519 lxiv.

122 2558 209 2595 309·
