1786 2878
236 155 251 182 1
261 155 315 198 32
653 150 848 183 NOCTES
875 148 1204 182 MANILJANAE

286 268 363 306 519
397 254 491 308 Fc(e
527 254 788 307 Voss.¹)minea
823 255 996 293 Vossiam·
1060 254 1231 293 Feminei
1266 254 1320 291 ob
1354 254 1470 292 iaceat
1508 251 1617 290 Voss.¹

979 330 999 351 a

233 364 322 403 Cus.
349 366 473 404 iuceat
503 363 617 402 Voss?
645 365 792 402 iaceant
821 363 875 401 ob
903 364 1001 402 iacet
1020 364 1127 412 szps.
1153 368 1233 401 leste
1261 362 1392 401 Iacobo
1448 361 1618 400 Feminci

229 431 411 468 incedunt
429 430 551 468 Bentl.
574 430 756 467 Feminea
776 430 986 467 incendunt
1010 429 1171 466 lacobus.

285 495 466 546 Suspicor
486 495 730 533 scribendum
749 507 833 533 esse
853 495 1027 532 Feminea
1048 496 1222 532 inlectam
1238 493 1299 532 uel
1320 495 1540 542 inlaqueant.

283 561 353 599 IV.
376 572 560 610 530-534
583 561 636 598 sic
655 568 784 598 extant
804 561 843 598 in
863 559 1015 598 Gembl.

391 627 443 664 At
472 627 580 676 niger
609 627 774 664 obscura
803 637 942 664 cancer
970 637 1060 664 cum
1089 625 1191 663 nube
1221 624 1360 663 feretur

392 691 505 738 Quae
534 691 638 729 uelut
666 698 804 729 exutus
833 691 990 741 phebeis
1020 691 1171 741 ignibus
1201 689 1300 740 ignis

391 756 523 794 Defuit
549 765 586 794 et
615 756 735 794 multa
763 755 885 794 fuscat
914 756 1075 806 caligine
1104 756 1220 806 sydus

391 821 558 859 Lumina
587 821 764 860 deficient
792 828 894 859 artus
922 822 1194 871 geminamque
1223 821 1358 859 creatis

392 887 560 926 Mortem
589 887 665 925 fata
693 887 841 925 dabunt
874 899 916 926 se
946 887 1110 938 quisque
1140 895 1177 925 et
1206 887 1300 925 uiuit
1328 893 1364 924 et
1392 885 1510 924 effert.

286 964 358 1002 531
383 952 491 991 Fors.
513 952 687 1000 Qualiter
823 959 961 991 exutus
990 951 1101 990 Voss.¹
1125 952 1215 991 Cus.
1236 958 1393 990 exsutus
1423 949 1534 989 Voss.2
1554 962 1619 988 ex-

228 1019 367 1057 tinctus
386 1031 406 1056 0
424 1025 581 1056 exustus
597 1017 764 1056 Iacobus.
821 1029 896 1067 532
920 1017 1059 1056 Deficit
1085 1017 1197 1055 Voss.2
1211 1030 1241 1055 0.
1302 1029 1377 1066 533
1400 1024 1504 1055 ortos
1519 1015 1620 1054 Scal.

282 1083 387 1122 Nihil
423 1083 486 1121 hic
522 1083 761 1130 mutandum,
801 1083 873 1121 nisi
911 1082 1017 1134 quod
1053 1086 1207 1120 exustus
1248 1095 1319 1132 pro
1356 1086 1492 1120 exulus
1530 1092 1618 1119 cum

228 1150 386 1195 Iacobo,
403 1149 548 1200 Defluz'l
560 1162 630 1199 pro
645 1149 785 1196 Defuit
797 1161 949 1187 mecum
965 1149 1145 1198 corriges.
1190 1147 1293 1185 Nam
1309 1147 1450 1197 Deficit
1462 1154 1620 1197 propter

228 1227 394 1265 sequens
409 1215 584 1265 deficiunt
596 1214 876 1264 repudiandum
888 1214 1050 1252 uidetur.
1108 1213 1251 1251 Sensus
1263 1221 1320 1251 est
1335 1226 1342 1250 :
1365 1225 1453 1250 cum
1469 1211 1620 1250 Cancer

227 1280 493 1319 obscurabitur
506 1281 619 1325 nube,
633 1292 732 1329 quae
747 1280 881 1326 nubes,
895 1280 991 1317 sicut
1011 1279 1148 1317 accidit
1161 1279 1340 1328 quotiens
1361 1278 1460 1327 ignis
1474 1277 1513 1314 in
1530 1276 1619 1315 foco

228 1346 308 1384 sole
328 1352 450 1383 tactus
462 1351 530 1391 est,
544 1352 585 1382 ut
604 1344 783 1382 flammae
804 1346 970 1394 primum
987 1344 1290 1393 exstinguantur,
1307 1342 1445 1381 deinde
1461 1355 1508 1380 ex
1525 1354 1616 1380 can-

228 1411 409 1449 dentibus
437 1423 482 1448 ae
511 1410 666 1449 feruidis
685 1410 818 1448 omnia
846 1410 989 1448 sensim
1019 1410 1128 1459 nigra
1149 1409 1252 1453 fiant,
1274 1421 1296 1446 a
1326 1420 1480 1446 summa
1509 1414 1617 1457 parte

227 1477 359 1514 sideris
383 1476 514 1514 defluit
540 1477 580 1513 in
600 1477 677 1513 ima
703 1482 904 1525 totumque
924 1475 1078 1524 signum
1100 1474 1239 1512 Cancri
1263 1474 1428 1523 caligine
1447 1473 1618 1518 obducit,

228 1555 275 1580 eo
305 1550 481 1591 ternpore
510 1542 607 1579 natis
636 1541 736 1579 oculi
766 1553 910 1591 corpus
939 1541 1129 1586 deficient,
1159 1540 1238 1578 uita
1267 1539 1515 1589 protendetur
1542 1546 1620 1576 tam

228 1608 309 1646 sine
333 1607 475 1657 gaudio
494 1614 649 1657 propter
668 1607 895 1645 caecitatem
914 1614 954 1643 ut
965 1606 1074 1656 quasi
1095 1606 1154 1644 bis
1179 1605 1278 1643 mori
1298 1605 1510 1643 uideantur.

282 1681 350 1718 IV.
373 1690 554 1730 539-541
581 1681 634 1718 sic
656 1687 788 1718 extant
809 1680 848 1717 in
869 1680 1023 1718 Gembl.

390 1746 521 1784 Tanta
550 1747 670 1784 fames
699 1747 951 1795 animumque
982 1745 1053 1783 sibi
1082 1753 1160 1782 tam
1192 1744 1273 1782 dira
1303 1744 1444 1794 cupido

392 1811 560 1862 Corripit
588 1819 629 1848 ut
658 1812 782 1861 capiat
813 1819 934 1849 semet
963 1823 1034 1848 nec
1065 1809 1261 1859 compleat
1289 1822 1475 1860 umquam

390 1877 515 1927 Inque
545 1877 678 1926 epulas
707 1876 820 1914 funus
849 1876 972 1914 retitet
1002 1876 1273 1925 praeciumque
1303 1875 1479 1925 sepulcri.

285 1963 362 2002 539
392 1954 463 1990 sibi
491 1954 590 1990 codd.
615 1953 666 1990 ibi
693 1953 743 1989 cd.
764 1951 927 1990 Molsmh·
978 1952 1053 1990 cibi
1084 1951 1264 2001 Scalzger.
1323 1961 1395 1999 541
1425 1952 1546 1989 retitct
1573 1951 1618 1988 al.

230 2026 383 2057 reuocet
412 2019 516 2067 szs.
547 2026 700 2056 reuocet
740 2016 849 2054 Voss}
884 2031 902 2053 o
923 2018 953 2054 b.
1023 2017 1213 2054 Bentleius
1246 2028 1335 2066 539,
1365 2029 1442 2065 540
1475 2019 1621 2065 spurios

229 2090 336 2122 ralus
356 2084 501 2133 rediget
520 2097 570 2121 ex
589 2085 680 2120 coni.
695 2085 826 2132 posul'l.
879 2082 985 2120 ll'um
1007 2082 1196 2132 funusque
1217 2082 1295 2120 litet
1311 2083 1325 2119 ?

285 2149 476 2187 Describit
514 2149 623 2197 gulae
658 2149 818 2194 deditos,
854 2149 979 2198 qualis
1011 2148 1080 2185 fuit
1118 2147 1377 2198 Erysichthon
1416 2147 1477 2185 ille
1515 2147 1620 2197 apud

231 2215 380 2254 Callim.
397 2215 448 2252 H.
471 2214 557 2252 Cer.
578 2223 614 2252 et
636 2214 750 2252 Ouid.
772 2214 972 2252 Metannn.
986 2214 1057 2251 viii.
1071 2215 1147 2260 814
1168 2225 1251 2263 sqq.
1301 2212 1484 2251 Ouidium
1505 2213 1620 2250 etiam

230 2281 291 2319 hic
321 2290 473 2318 secutus
501 2279 648 2317 uidetur
672 2278 866 2317 Manilius.
925 2279 1038 2317 Certe
1061 2291 1109 2316 ex
1136 2278 1228 2316 Met.
1250 2278 1322 2315 viii.
1345 2281 1530 2324 840-842
1555 2277 1620 2316 Sic

230 2347 355 2395 spedas
392 2359 510 2382 omncs
548 2344 835 2392 Iz'tysz'chlhonss
872 2358 939 2381 (η’(ι
971 2345 1137 2394 prcffam'
1169 2343 1371 2391 Accipiunt
1399 2348 1621 2391 poscunlque

230 2412 352 2449 ssmul.
411 2410 526 2449 Cibus
551 2412 669 2447 omm's
695 2412 732 2447 1'71
755 2412 817 2447 illa
839 2410 965 2447 Causa
985 2411 1060 2447 cibi
1078 2414 1137 2454 cst,
1159 2416 1363 2457 semperque
1382 2409 1478 2444 locus
1489 2409 1544 2457 fil
1561 2409 1619 2445 in-

231 2479 314 2513 am's
333 2477 463 2514 cdcndo
482 2484 518 2513 et
535 2478 611 2523 875
633 2488 715 2525 sqq.
744 2476 804 2511 Vis
824 2480 941 2511 lamen
959 2476 1024 2511 illa
1045 2475 1332 2522 malt'poslquam
1352 2478 1623 2521 consumpsm-at

233 2555 366 2579 omnem
388 2541 592 2580 Illalcrz‘am
614 2542 823 2590 dederalqm’
843 2543 967 2590 graui
987 2554 1081 2577 noua
1100 2540 1243 2589 pabula
1269 2538 1401 2583 morbo,
1430 2538 1511 2587 Isse
1537 2552 1620 2575 suos
