1786 2878
776 128 835 159 IV
1426 129 1503 159 121

173 248 248 285 213
270 235 364 274 alius
387 234 475 273 Cus.
536 247 609 281 214
632 234 757 284 legem
781 234 869 272 Cus.
892 245 1008 283 quam
1032 233 1121 271 Cas.
1148 231 1259 271 Voss.1
1281 244 1370 270 cum
1399 231 1512 270 Voss.²

170 301 356 351 Loquitur
406 301 455 338 de
506 299 640 337 Seruio
689 299 872 349 Sulpicio,
922 298 1275 337 iurisconsultorum
1324 298 1509 347 principe,

116 379 283 416 eumque
307 367 359 404 sic
379 366 510 403 definit
530 373 570 403 ut
590 366 690 403 dicat
710 377 790 402 non
812 372 891 402 tam
912 365 1159 419 interpretem
1186 364 1353 401 extitisse
1380 363 1508 412 legum

114 444 234 482 quam
263 432 420 470 latorem
449 444 494 469 ac
521 432 777 469 conditorem.
834 430 918 467 Iam
941 429 1138 467 Bentleius
1167 429 1386 466 emendauit
1416 429 1511 477 liges

116 497 289 547 proprias
320 498 474 546 posuit,·
517 497 676 546 propius
709 508 732 533 a
765 496 893 533 litteris
923 497 1030 533 abest
1051 496 1248 544 proprius,
1274 494 1311 531 h.
1327 507 1359 531 e.
1386 495 1510 543 magis

116 563 289 612 proprie:
319 562 424 612 quod
445 562 475 599 si
495 562 584 599 satis
604 562 764 599 latinum
785 568 852 607 est,
874 574 983 610 quam
1005 561 1130 610 potius
1151 572 1267 610 quam
1288 572 1367 596 cum
1390 559 1509 608 scrip-

115 627 244 665 serim.

169 692 240 731 IV.
273 702 347 741 217
373 704 456 742 sqq.
477 693 530 730 sic
550 698 680 729 extant
700 692 738 729 in
758 691 910 729 Gembl.

279 757 470 807 Scorpion
498 765 643 795 armata
672 757 840 794 uiolenta
869 757 1025 806 cuspide
1055 756 1178 794 cauda

278 823 369 869 Qua
397 835 467 861 sua
496 835 584 860 cum
614 823 728 872 phebi
758 834 911 860 currum
940 835 1008 871 per
1038 822 1173 871 sydera
1202 821 1305 859 ducit

278 887 454 925 Rimatur
482 894 599 925 terras
629 895 665 925 et
695 888 809 925 sulcis
838 888 985 925 semina
1013 888 1148 925 miscet

171 966 248 991 220
278 954 324 991 In
353 953 497 991 bellum
527 954 705 991 ardentes
734 953 884 990 animos
913 960 951 990 et
980 953 1115 990 martia
1145 959 1269 990 castra

275 1019 413 1056 Efficit.

173 1093 246 1132 217
279 1085 413 1121 armati
451 1083 562 1121 Voss.2
591 1085 684 1121 unde
712 1091 834 1121 armat
865 1083 919 1120 uti
945 1082 1103 1120 Iacobus
1134 1083 1312 1133 Scorpios
1340 1090 1510 1121 armatae

115 1150 343 1187 metuendus
368 1150 526 1198 cuspide
553 1150 699 1187 caudae
723 1149 911 1186 Bentleius
937 1148 1118 1198 Scorpius
1146 1156 1313 1187 armatus
1339 1150 1510 1187 uiolenta

114 1215 272 1265 cuspide
295 1215 456 1253 caudam
487 1215 665 1264 Heringa
695 1214 885 1265 Scorpion
912 1222 1058 1252 armata
1086 1215 1299 1252 uiolentum
1325 1216 1510 1265 conspice

115 1280 238 1318 cauda
258 1280 465 1318 Breilerus.

170 1344 350 1394 Scorpion
380 1346 661 1383 nominatiuum
693 1357 778 1383 esse
807 1357 933 1394 posse,
954 1358 1024 1382 nec
1054 1345 1104 1382 ΙΙ.
1131 1358 1206 1394 213
1237 1345 1353 1382 qunc
1381 1346 1511 1383 Pisces

119 1410 263 1449 Cancer
293 1415 326 1447 et
360 1412 493 1448 cancri
525 1410 705 1460 Scorpion
743 1412 818 1448 iclu
851 1423 976 1460 neque
1014 1410 1074 1448 hic
1114 1411 1222 1448 locus
1261 1411 1507 1449 demonstrat.

116 1475 288 1525 Vterque
314 1488 447 1513 uersus
470 1476 606 1513 uitium
635 1478 768 1513 traxit:
799 1476 905 1512 illum
926 1475 1122 1513 Bentleius
1148 1477 1201 1513 sic
1230 1477 1380 1514 refinxit
1405 1476 1511 1513 Tunc

115 1542 246 1579 Pisces
284 1546 318 1578 et
353 1541 500 1579 Cancer
537 1546 571 1578 et
612 1544 698 1579 acri
736 1540 910 1590 Scorpios
957 1542 1063 1584 2'clu,·
1120 1541 1233 1587 hunc,
1276 1542 1408 1579 Iacobi
1453 1554 1509 1579 se-

116 1614 225 1645 cutus
255 1608 493 1652 sententiam,
524 1619 603 1644 non
638 1607 961 1651 emendationem,
992 1607 1044 1644 sic
1079 1607 1195 1645 credo
1231 1608 1508 1644 restituendum

117 1671 296 1721 Scorpion
342 1674 512 1709 armauit
556 1674 712 1709 uiolenta
759 1673 905 1720 cuspide
951 1672 1081 1708 cauda.
1153 1672 1291 1710 Cauda
1349 1673 1510 1710 armauit

119 1737 309 1786 Scorpion
337 1738 507 1775 uiolenta
536 1738 704 1786 cuspide,
734 1738 828 1774 sicut
858 1737 960 1786 apud
985 1737 1200 1785 Vergilium
1225 1738 1322 1775 Aen.
1353 1738 1401 1775 xi.
1433 1740 1507 1775 682

116 1803 358 1852 Agreslesque
391 1816 523 1840 manus
557 1808 686 1840 armat
715 1810 862 1851 sparus,
894 1802 996 1851 apud
1026 1803 1222 1840 Valerium
1251 1803 1346 1852 Arg.
1378 1803 1425 1840 vi.
1460 1812 1507 1851 97

116 1868 302 1906 Baternas
339 1869 455 1906 crudi
487 1882 592 1906 mora
629 1870 778 1905 corlicz's
817 1872 971 1906 armat:
1021 1868 1150 1918 paullo
1188 1868 1292 1906 aliter
1327 1868 1511 1906 Manilius

115 1934 196 1982 ipse
235 1933 283 1971 V.
329 1947 405 1983 343
450 1933 531 1971 chc
571 1934 682 1982 prius
727 1935 894 1970 armauit
937 1934 1090 1970 uiolento
1121 1935 1294 1983 fulmine
1338 1935 1510 1972 dexlram

116 1998 333 2049 (Iuppiter).
399 1998 612 2049 Sequentes
632 2011 766 2036 uersus
789 2001 876 2044 218,
901 2011 975 2046 219
998 1998 1195 2036 Bentleius
1215 1999 1441 2048 explicauit:
1474 2005 1511 2036 at

120 2076 196 2100 220
216 2064 305 2101 facit
325 2065 539 2113 asyndeton
561 2076 666 2101 more
689 2064 914 2101 Maniliano.
960 2063 1158 2101 Simillima
1178 2072 1234 2101 est
1255 2064 1510 2101 conformatio

117 2129 166 2166 V.
190 2132 374 2178 234—236
406 2130 537 2167 Vltima
552 2137 651 2178 pars
672 2130 806 2177 magni
821 2141 900 2165 cum
922 2130 1065 2165 lollilur
1084 2134 1166 2166 orla
1186 2130 1325 2166 Leonis
1349 2129 1510 2166 Cralera

117 2195 265 2231 auralis
292 2196 420 2244 surgit
446 2196 585 2231 caelata
611 2194 677 2231 sub
704 2195 832 2231 astris.
889 2193 981 2230 Inde
1009 2195 1130 2230 trahil
1155 2196 1368 2243 quicumque
1392 2207 1510 2243 genus

118 2272 300 2308 moresque
318 2265 484 2309 sequetur
508 2260 686 2308 [νῆές-[ιω
705 2261 811 2296 ruris
831 2266 985 2308 campos.

174 2324 241 2361 IV.
267 2338 353 2372 244,
380 2337 454 2373 245
477 2326 530 2363 sic
552 2325 679 2374 scripti
700 2332 788 2361 sunt
809 2325 847 2360 in
870 2324 1023 2361 Gembl.

751 2401 840 2426 nam
871 2390 1052 2439 quicquid
1082 2391 1119 2426 in
1149 2402 1238 2426 usus

282 2456 386 2505 Ignis
415 2456 493 2504 agit
523 2456 724 2505 poscitque
754 2467 875 2491 nouas
904 2455 953 2492 ad
983 2467 1142 2492 munera
1172 2454 1359 2491 flammas.

120 2527 209 2568 aget
235 2519 321 2558 Cus.
342 2529 425 2570 eget
458 2521 569 2559 Voss?
589 2526 620 2557 cl
638 2524 816 2557 corrector
837 2520 1051 2569 Lipsiensis.
