1786 2878
283 166 298 192 1
310 164 332 193 2
693 161 890 193 NOCTES
917 159 1250 194 MANILJANAE

277 279 450 318 subiecto
469 278 624 317 habebit
648 278 686 317 id
713 279 818 330 quod
838 292 885 318 ex
906 280 1027 329 szgrm's
1048 279 1253 330 suppletur,
1277 282 1285 298 ‘
1302 279 1329 317 it
1349 278 1382 316 is
1407 278 1458 327 by
1478 276 1670 328 multiples

275 344 320 383 of
349 358 367 382 2
392 343 430 395 (2
449 355 474 381 ><
493 342 643 394 6:12)
663 343 744 382 that
763 344 826 382 the
852 345 994 383 Zodiac
1018 345 1050 382 is
1074 345 1188 383 made
1214 343 1290 393 up.’
1349 343 1466 381 Hanc
1485 343 1671 392 interpre-

276 411 461 448 tationem
495 410 727 447 confirmant
760 411 880 447 uerba
913 421 949 448 u.
982 412 1058 459 556
1089 409 1164 447 Bis
1194 423 1274 456 sex,
1307 409 1487 447 redeunte
1521 420 1671 458 semper

276 482 392 526 poeta
412 475 461 513 ad
485 475 522 512 id
551 475 656 525 quod
682 475 720 512 in
747 482 877 513 mente
904 476 1031 522 habet,
1051 487 1256 513 numerum
1280 475 1482 521 binarium,
1505 485 1671 524 cumque

276 540 352 578 hoc
383 541 646 588 coniunctum,
667 547 708 579 ut
728 541 767 578 in
788 540 971 588 Zodiaco,
993 541 1195 578 senarium.

332 606 362 644 Ι·
385 607 471 655 564,
496 617 517 654 5

439 671 614 710 Circulus
643 685 666 710 a
695 684 850 711 summo
879 678 1102 710 nascentem
1131 672 1270 710 uertice
1299 670 1489 708 mundum

437 737 614 775 Permeat
641 738 891 788 Artophilaca
919 744 1053 787 petens
1082 750 1151 788 per
1179 745 1285 788 terga
1314 737 1500 775 draconis.

332 848 407 894 565
438 853 573 896 patens
593 860 623 885 0.
659 888 666 895 ,
755 812 889 897 patens
909 846 939 884 b.

277 911 415 961 Spuria
445 912 540 950 haec
570 925 656 950 esse
685 925 755 950 nec
788 912 1002 950 Maniliana
1036 912 1272 950 demonstrat
1301 911 1550 961 Arlophz'laca
1578 922 1669 961 pro-

275 979 391 1016 ducta
410 979 631 1028 penultima.
689 978 766 1017 Sed
784 985 914 1016 tamen
940 986 981 1016 ut
1002 979 1051 1016 ab
1078 978 1346 1028 interpolatore
1371 977 1542 1027 profecta
1569 984 1669 1023 sunt,

275 1044 329 1082 Sic
356 1044 472 1082 credo
493 1044 695 1082 scribenda
715 1057 798 1082 esse

439 1109 612 1147 Circulus
641 1122 664 1147 a
693 1122 846 1148 summo
874 1116 1100 1148 nascentem
1128 1110 1271 1147 uertice
1300 1109 1439 1146 mundi

437 1175 614 1213 Permeat
642 1175 923 1225 Arctophylaca
951 1182 1087 1225 patens
1116 1187 1185 1225 per
1213 1182 1319 1224 terga
1347 1174 1552 1212 Draconis.

329 1241 358 1279 Ι.
383 1252 472 1289 599,
495 1243 572 1278 600

439 1306 768 1357 Quandoquidem
799 1307 894 1344 sexti
923 1319 1000 1356 quo
1029 1313 1130 1345 totus
1159 1307 1328 1345 uoluitur
1356 1306 1460 1344 orbis

437 1372 519 1410 Fila
548 1372 701 1410 trahunt
730 1372 793 1410 alti
823 1384 978 1410 cursum
1006 1373 1229 1410 comitantia
1258 1372 1364 1410 caeli.

330 1437 391 1475 Sic
416 1437 571 1476 Gembl.
633 1437 759 1475 Ceteri
783 1438 937 1476 codices
957 1438 1011 1476 sic
1031 1440 1181 1475 uariant

330 1514 405 1552 599
437 1503 532 1541 sexti
551 1505 658 1540 etiam
675 1503 882 1552 szsz'ensz‘s
902 1510 1010 1541 sexto
1034 1503 1208 1540 Vossz'anz’
1221 1502 1336 1549 ambo,
1353 1503 1374 1540 b
1387 1516 1416 1548 0,
1432 1506 1466 1539 el
1481 1501 1665 1548 Cmanus,

272 1575 378 1607 texto
407 1568 580 1618 Scalzger
608 1575 714 1606 textu
744 1568 878 1618 Fayus
912 1569 1004 1606 secti
1037 1581 1114 1618 qua
1142 1568 1330 1606 Bentleius
1369 1568 1461 1606 texti
1498 1567 1668 1606 Iacobus.

275 1636 352 1672 600
380 1635 525 1672 circum
553 1635 686 1671 codices
706 1639 857 1683 praeter
890 1634 1027 1673 Gembl.
1055 1639 1089 1671 el
1119 1634 1206 1673 Cus.
1237 1646 1396 1672 curcum
1427 1633 1515 1672 Cus.

328 1699 445 1738 Sexti
478 1699 559 1737 siue
597 1704 702 1737 sexto
739 1705 964 1749 corruptum
1001 1712 1086 1738 esse
1124 1712 1171 1737 ex
1209 1700 1309 1737 texti
1344 1700 1424 1736 siue
1457 1703 1556 1737 texlo
1589 1700 1667 1736 iam

275 1764 443 1813 Scaliger
462 1764 657 1810 intellexit,
678 1772 905 1814 comparato
931 1767 1007 1813 556
1030 1763 1176 1816 (mgna)
1195 1764 1270 1802 Bis
1291 1777 1362 1802 sex
1385 1765 1535 1813 aequali
1548 1766 1667 1814 spatio

272 1831 433 1868 texentz‘cz
463 1831 612 1867 caelum.
649 1829 701 1867 Et
730 1830 982 1879 adstipulatur
1012 1830 1188 1877 Iacobus,
1218 1842 1307 1868 cum
1325 1831 1403 1880 fila
1431 1842 1587 1880 quoque
1617 1830 1667 1867 ad

272 1896 442 1934 eundem
470 1902 625 1944 tropum
656 1895 849 1933 referatur.
919 1894 1012 1933 Non
1045 1895 1106 1933 hic
1141 1895 1355 1934 audiendus
1384 1903 1440 1933 est
1470 1895 1666 1933 Bentleius

271 1961 402 1999 locum
422 1961 480 1998 bis
500 1972 763 2009 corrumpens,
780 1972 872 1997 nam
892 1973 965 1998 nec
982 1962 1071 1998 secti
1086 1973 1157 1998 nec
1177 1974 1251 2010 qua
1270 1973 1405 1998 uerum
1426 1968 1552 2011 potest
1571 1973 1666 1999 esse.

271 2027 415 2076 Aperte
448 2025 632 2063 Manilius
661 2025 756 2063 duas
786 2038 846 2063 res
875 2025 936 2064 hic
963 2026 1204 2076 significauit,
1235 2026 1296 2077 (1)
1326 2027 1488 2065 circulos
1528 2026 1665 2064 eadem

271 2099 424 2129 textura
451 2097 488 2129 et
517 2091 626 2141 quasi
655 2090 719 2128 filo
749 2103 834 2128 esse
861 2103 940 2141 quo
967 2091 1072 2129 orbis
1101 2092 1215 2129 totius
1244 2091 1350 2138 caeli,
1374 2090 1434 2142 (2)
1463 2091 1535 2130 hos
1569 2092 1665 2130 caeli

272 2158 405 2196 orbem
420 2157 595 2195 comitari
615 2161 652 2194 et
672 2156 836 2194 eandem
857 2169 946 2195 cum
961 2157 1066 2195 caelo
1081 2158 1376 2196 conuersionem
1392 2158 1546 2196 habere.
1588 2158 1665 2196 Sed

271 2224 311 2260 in
340 2235 387 2261 eo
416 2222 614 2272 scrupulus
636 2229 778 2267 manet,
799 2224 898 2260 texti
919 2235 970 2260 an
995 2227 1095 2261 texto
1115 2223 1248 2272 reponi
1273 2223 1421 2261 debeat.
1479 2223 1587 2261 Prius
1612 2224 1665 2262 ita

272 2289 398 2327 solum
413 2288 565 2326 retineri
581 2288 701 2337 possit
714 2288 743 2324 si
756 2300 803 2325 ex
819 2289 917 2326 texti
927 2288 975 2326 ad
990 2301 1060 2337 quo
1075 2288 1253 2338 suppleas
1270 2289 1307 2326 id
1324 2289 1428 2339 quod
1442 2289 1664 2338 intelligitur

270 2358 381 2392 texto.
410 2353 554 2391 Durius
573 2353 621 2398 id,
638 2365 686 2390 ne
706 2353 830 2390 dicam
851 2354 1008 2391 uetitum
1030 2353 1205 2392 Manilio.
1239 2354 1373 2403 Itaque
1389 2354 1491 2392 hunc
1508 2365 1663 2404 quoque

270 2420 399 2457 locum
433 2419 488 2457 eis
518 2418 643 2456 adicio
677 2431 754 2468 quo
789 2431 924 2456 uerum
954 2419 1106 2458 Gembl.
1138 2433 1216 2458 non
1251 2420 1429 2464 seruauit,
1463 2427 1664 2457 seruarunt

272 2485 405 2535 reliqui
425 2484 601 2523 codices:
631 2489 730 2522 texto
745 2484 883 2522 eodem
896 2499 964 2534 quo
983 2489 1077 2523 totus
1089 2493 1145 2523 est
1165 2486 1263 2523 orbis
1277 2486 1340 2536 qui
1361 2485 1527 2523 uoluitur
1546 2486 1662 2523 etiam

270 2551 397 2589 circuli
419 2551 496 2601 fila
524 2551 705 2588 lralzunl:
743 2550 852 2601 ‘they
873 2563 938 2589 are
967 2551 1116 2590 formed
1146 2551 1189 2589 of
1214 2551 1275 2589 the
1306 2563 1412 2589 same
1444 2557 1589 2589 texture
1619 2562 1662 2589 as
