1786 2878
241 136 295 189 58
660 141 856 174 NOCTES
884 140 958 172 MA
964 141 1102 172 ,wem
1109 139 1216 171 NAE

241 259 347 285 error
367 253 404 285 et
428 246 491 284 hic
514 244 668 284 codices
692 245 841 282 inuasit.
895 244 1048 290 ,Puncta
1067 251 1183 281 uocat
1207 241 1411 280 duodecim
1437 239 1640 292 particulas

243 314 282 351 in
303 325 400 363 quas
420 311 572 362 singula
592 312 703 361 signa
723 310 1007 348 distribuuntur.

299 378 349 416 ΙΙ.
373 379 449 427 726
471 390 554 427 sqq.
577 377 630 414 sic
651 383 782 414 extant
802 376 841 412 in
861 375 1017 413 Gembl.

407 443 653 491 Quocunque
682 442 720 478 in
750 449 860 490 partu
891 447 1119 478 nascentum
1149 447 1325 489 tempora
1354 439 1444 476 luna

407 507 631 546 Constiterit
660 507 828 544 numeris
858 505 957 543 hanc
988 513 1045 543 ter
1074 506 1236 555 dispone
1267 505 1462 555 quaternis

410 573 572 611 Sublimi
600 572 760 610 totidem
791 583 889 620 quae
920 571 1065 620 fulgent
1095 571 1231 621 sydera
1260 570 1408 608 mundo

408 639 505 676 Inde
535 649 624 675 suas
653 637 705 674 illi
735 638 848 686 signo
878 649 958 686 quo
989 637 1078 674 luna
1107 636 1252 674 refulsit

304 715 382 754 730
413 704 524 750 Quae
545 710 583 741 et
602 703 692 740 hinc
713 702 912 740 defuerant
933 710 1059 752 partes
1079 714 1282 739 numerare
1303 707 1511 739 memento.

306 773 381 820 726
422 770 642 819 Quocsique
683 769 722 805 in
763 772 872 818 parti-1
916 767 1004 806 Cus.
1062 767 1309 818 Quocunque
1352 768 1390 804 in
1431 773 1587 816 partura
1628 778 1648 802 o

248 843 454 875 nascentur
492 835 605 872 Voss.¹
632 840 807 883 tempora
831 833 919 872 Cus.
952 832 1062 871 Vossl
1091 841 1263 883 tempore
1287 834 1328 871 ob
1387 842 1461 882 727
1484 830 1648 868 Affuerit

247 903 321 940 cod.
343 902 550 939 Parisinus
570 899 731 937 Affuerit
754 912 875 948 marg.
897 898 1120 937 Constiterit
1140 899 1160 937 b
1188 911 1391 936 numerum
1419 898 1519 935 hanc
1543 904 1651 942 terne

249 968 411 1017 dispone
443 966 637 1016 quaternis
668 977 697 1003 0.
758 967 834 1013 728
865 965 954 1015 quia
984 964 1163 1010 Vossz'anz',
1184 964 1247 1011 bo,
1269 965 1320 1002 ed.
1345 963 1513 1001 lllolz'm'z'.
1574 972 1651 1010 730

250 1033 364 1080 Quae
393 1039 430 1070 et
458 1033 548 1069 hinc
583 1031 672 1069 Cus.
699 1044 718 1068 0
741 1035 774 1068 et
801 1030 907 1080 Lz'ps.
935 1032 975 1067 in
1006 1043 1076 1079 quo
1101 1030 1204 1068 hunc
1217 1030 1372 1081 suerat,
1402 1029 1534 1066 Iacobo
1561 1032 1651 1065 leste.

251 1099 363 1147 Quae
385 1104 422 1136 et
443 1098 532 1136 huic
557 1097 671 1134 Voss.¹
729 1097 819 1143 Qua
840 1104 877 1134 et
899 1096 1001 1134 hunc
1032 1096 1147 1134 Voss.²

307 1163 409 1202 Mire
441 1163 666 1212 conspirant
697 1162 851 1199 codices
885 1162 923 1198 in
960 1160 1179 1211 Quocunque
1211 1162 1250 1198 z'n
1280 1165 1405 1210 portu,
1442 1160 1513 1197 nisi
1548 1158 1654 1209 quod

252 1230 377 1269 codex
393 1229 491 1267 Coll.
505 1228 691 1277 Corporis
707 1227 847 1265 Christi
869 1227 983 1265 habet
1001 1226 1222 1276 Quocunque
1240 1228 1279 1263 in
1291 1231 1459 1276 parlura
1476 1226 1656 1263 Cusanus

257 1295 450 1344 Quocuque
479 1295 519 1331 in
543 1297 662 1345 pastu
694 1291 900 1344 (partum).
960 1292 1131 1342 Scaliger
1162 1294 1326 1330 correxit
1359 1290 1583 1340 Quocunque
1617 1292 1657 1327 z'n

246 1363 364 1412 porti,
385 1367 422 1398 et
439 1372 531 1397 sane
544 1359 838 1408 parlz'ablatiuo
854 1358 1003 1396 uidetur
1023 1371 1116 1396 usus
1136 1365 1250 1408 poeta
1270 1358 1343 1395 ΙΙΙ.
1362 1367 1438 1406 395
1483 1356 1656 1403 Quocun-

254 1440 321 1476 que
346 1427 412 1464 hoc
430 1426 545 1476 parlz‘
560 1430 762 1470 terrarum,
785 1425 963 1474 quamuis
991 1425 1179 1474 corruptis
1203 1424 1400 1462 codicibus
1428 1435 1488 1460 res
1512 1423 1660 1460 incerta

255 1493 313 1530 sit.
372 1492 424 1529 At
462 1491 502 1528 in
542 1491 592 1528 II.
637 1492 713 1538 726
757 1491 1004 1528 consentiunt
1043 1490 1197 1529 codices
1232 1490 1271 1527 in
1313 1488 1543 1537 Quocunque,
1577 1499 1659 1525 non

260 1558 495 1606 Quocunque,
527 1569 546 1593 o
575 1563 704 1593 autem
734 1567 783 1592 ne
804 1560 926 1605 partu
956 1556 1113 1605 quidem
1143 1555 1269 1601 habet,
1295 1554 1363 1592 sed
1381 1558 1562 1604 portura.

311 1636 349 1661 u.
373 1632 462 1671 727,
483 1623 578 1659 hanc
606 1622 644 1658 in
671 1622 852 1659 omnibus
878 1621 1040 1672 repperi,
1064 1633 1135 1659 nec
1155 1621 1337 1670 cuiquam
1363 1627 1451 1657 ante
1471 1631 1534 1656 me
1554 1617 1661 1656 uenit

256 1690 296 1727 in
317 1688 609 1726 dubitationem.
658 1686 734 1724 Sed
750 1699 828 1736 quo
845 1686 1088 1724 referendum
1103 1688 1116 1724 ?
1150 1687 1228 1723 Aut
1241 1699 1288 1723 ex
1305 1685 1552 1735 sequentibus
1572 1693 1661 1732 729,

261 1764 338 1804 730
367 1753 460 1790 Inde
487 1766 577 1790 suas
598 1782 606 1790 .
630 1781 639 1790 .
659 1780 668 1790 .
694 1751 795 1798 Quae
819 1757 854 1789 et
879 1753 1007 1789 delzz'nc
1035 1752 1232 1802 defuerant
1250 1756 1376 1801 parles
1402 1749 1661 1800 supplendum

259 1821 330 1858 erit
345 1824 520 1870 parlem;
550 1825 614 1855 aut
641 1818 739 1854 hanc
759 1817 924 1868 (lunam)
945 1830 1013 1867 per
1032 1817 1325 1867 brachylogiam
1352 1817 1406 1854 sic
1435 1816 1663 1864 interpreta-

260 1887 365 1931 bere,
386 1885 501 1922 huius
530 1881 667 1921 lunae¹
690 1884 743 1921 sic
765 1883 914 1933 positae
935 1895 1162 1920 numerum:
1193 1894 1285 1919 nam
1306 1883 1344 1919 in
1367 1893 1416 1930 30
1437 1887 1565 1931 partes
1586 1880 1663 1917 iam

261 1951 462 1989 distributa
487 1956 574 1987 sunt
601 1948 751 1998 singula
780 1949 890 1998 signa
918 1948 1094 1994 Zodiaci;
1134 1948 1265 1997 itaque
1288 1948 1391 1991 luna,
1416 1957 1663 1996 quocumque

261 2018 300 2055 in
326 2017 439 2066 signo
464 2022 576 2052 natus
603 2014 688 2064 quis
713 2014 834 2060 fuerit,
861 2026 1063 2051 numerum
1089 2014 1125 2050 in
1152 2013 1374 2063 horoscopo
1403 2012 1558 2049 habebit
1582 2011 1664 2048 eius

263 2082 405 2132 gradus
439 2081 518 2118 siue
546 2081 663 2129 partis
690 2080 787 2129 signi
821 2080 859 2116 in
893 2091 970 2129 qua
997 2085 1034 2116 et
1063 2079 1094 2117 is
1128 2087 1240 2116 natus
1272 2086 1329 2115 est
1361 2084 1398 2115 et
1430 2078 1513 2127 ipsa
1542 2076 1665 2114 adsuit

265 2147 448 2186 nascenti.
479 2146 639 2195 Fietque
659 2145 734 2183 hoc
761 2146 814 2183 sic
835 2146 964 2183 minus
984 2145 1123 2182 durum
1151 2145 1182 2182 si
1203 2156 1250 2181 ex
1272 2144 1428 2182 Cusano
1450 2141 1666 2192 reposueris

256 2218 413 2264 partum
422 2225 440 2256 ,·
462 2224 540 2262 quo
560 2210 675 2256 facto,
693 2218 729 2248 et
752 2215 911 2260 tempora
932 2210 970 2247 in
990 2215 1145 2259 tempore
1165 2209 1307 2255 relicto,
1323 2209 1431 2247 locus
1452 2208 1507 2245 sic
1527 2207 1667 2245 euadet

311 2324 318 2341 ¹
337 2323 392 2354 Sic
405 2322 437 2352 in
451 2320 663 2363 prognostico
676 2320 736 2350 illo
748 2319 838 2351 uitae
855 2324 886 2351 et
904 2320 1018 2350 mortis
1031 2318 1119 2360 quod
1130 2316 1331 2359 Δημοκρίτου
1344 2316 1463 2357 σφαῖρα
1483 2316 1668 2348 inscribitur

268 2380 388 2418 (nuper
403 2377 436 2407 id
453 2375 554 2408 edidit
572 2375 739 2406 Dieterich
757 2375 788 2404 in
806 2385 931 2415 papyro
949 2374 1077 2415 magica
1094 2373 1245 2414 Lugdun.
1263 2384 1294 2414 p.
1311 2374 1402 2412 815),
1422 2372 1551 2403 iubetur
1567 2371 1594 2402 is
1610 2371 1667 2412 qui

267 2433 308 2464 de
326 2432 392 2463 uita
408 2430 609 2472 aegrotantis
625 2429 758 2471 inquirit
781 2429 989 2469 συμψήφισον
1010 2429 1070 2468 τὴν
1094 2426 1237 2468 σελήνην
1260 2427 1310 2458 καὶ
1333 2426 1445 2464 βλέπε,
1464 2425 1558 2456 πόσαι
1583 2436 1669 2465 τρια-

269 2486 361 2518 κάδες
377 2485 522 2526 ’γίνονται
539 2484 590 2515 καὶ
608 2483 649 2514 τὰ
665 2483 911 2524 περιλειπόμενα
927 2484 985 2514 τοῦ
1006 2482 1138 2522 ἀριθμοῦ
1160 2481 1360 2522 κατανόησον
1378 2482 1419 2512 εἷς
1435 2480 1494 2520 τὴν
1518 2480 1668 2521 σφαῖραν,

270 2542 323 2573 καὶ
340 2540 378 2572 ἂν
396 2538 416 2582 ᾗ
433 2539 497 2571 ἅνω
512 2542 531 2580 ἡ
548 2540 662 2581 ψῆφος,
682 2537 780 2578 ζήσει,
796 2537 851 2569 ἐὰν
868 2537 901 2569 δὲ
918 2537 1015 2576 κάτω,
1032 2536 1231 2577 τελευτήσει.
