<?xml version="1.0" encoding="UTF-8"?>
<!DOCTYPE html PUBLIC "-//W3C//DTD XHTML 1.0 Transitional//EN"
    "http://www.w3.org/TR/xhtml1/DTD/xhtml1-transitional.dtd">
<html xmlns="http://www.w3.org/1999/xhtml" xml:lang="en" lang="en">
 <head>
  <title>
</title>
<meta http-equiv="Content-Type" content="text/html;charset=utf-8" />
  <meta name='ocr-system' content='tesseract 3.04.00' />
  <meta name='ocr-capabilities' content='ocr_page ocr_carea ocr_par ocr_line ocrx_word'/>
</head>
<body>
  <div class='ocr_page' id='page_1' title='image "./noctesmanilianae00elliuoft_0236.png"; bbox 0 0 1786 2878; ppageno 0'>
   <div class='ocr_carea' id='block_1_1' title="bbox 264 138 1106 180">
    <p class='ocr_par' dir='ltr' id='par_1_1' title="bbox 264 138 1106 180">
     <span class='ocr_line' id='line_1_1' title="bbox 264 138 1106 180; baseline -0.001 -1"><span class='ocrx_word' id='word_1_1' title='bbox 264 138 345 180; x_wconf 81' lang='lat'><strong>216</strong></span> <span class='ocrx_word' id='word_1_2' title='bbox 791 146 955 179; x_wconf 74' lang='lat' dir='ltr'><em>EPJME</em></span> <span class='ocrx_word' id='word_1_3' title='bbox 961 147 1019 179; x_wconf 63' lang='grc' dir='ltr'><strong>ΤΛ)</strong></span> <span class='ocrx_word' id='word_1_4' title='bbox 1029 147 1106 179; x_wconf 83' lang='lat' dir='ltr'><strong>VM</strong></span> 
     </span>
    </p>
   </div>
   <div class='ocr_carea' id='block_1_2' title="bbox 260 251 1653 955">
    <p class='ocr_par' dir='ltr' id='par_1_2' title="bbox 260 251 1653 955">
     <span class='ocr_line' id='line_1_2' title="bbox 260 251 1646 302; baseline -0.001 -11"><span class='ocrx_word' id='word_1_5' title='bbox 260 260 303 292; x_wconf 93' lang='lat' dir='ltr'><strong>ut</strong></span> <span class='ocrx_word' id='word_1_6' title='bbox 327 252 464 291; x_wconf 89' lang='lat' dir='ltr'><strong>librum</strong></span> <span class='ocrx_word' id='word_1_7' title='bbox 491 251 704 302; x_wconf 84' lang='lat' dir='ltr'>inspiceret,</span> <span class='ocrx_word' id='word_1_8' title='bbox 727 252 890 290; x_wconf 90' lang='lat' dir='ltr'><strong>eandem</strong></span> <span class='ocrx_word' id='word_1_9' title='bbox 916 264 1036 302; x_wconf 91' lang='lat' dir='ltr'><strong>quam</strong></span> <span class='ocrx_word' id='word_1_10' title='bbox 1062 252 1164 302; x_wconf 89' lang='lat' dir='ltr'><strong>prius</strong></span> <span class='ocrx_word' id='word_1_11' title='bbox 1190 251 1416 291; x_wconf 87' lang='lat' dir='ltr'><strong>sententiam</strong></span> <span class='ocrx_word' id='word_1_12' title='bbox 1441 251 1556 290; x_wconf 90' lang='lat' dir='ltr'><strong>etiam</strong></span> <span class='ocrx_word' id='word_1_13' title='bbox 1581 263 1646 290; x_wconf 85' lang='lat' dir='ltr'><strong>ex-</strong></span> 
     </span>
     <span class='ocr_line' id='line_1_3' title="bbox 260 317 1648 368; baseline 0 -13"><span class='ocrx_word' id='word_1_14' title='bbox 260 318 426 368; x_wconf 88' lang='lat' dir='ltr'><strong>pressius</strong></span> <span class='ocrx_word' id='word_1_15' title='bbox 464 317 702 367; x_wconf 85' lang='lat' dir='ltr'><strong>significauit,</strong></span> <span class='ocrx_word' id='word_1_16' title='bbox 741 324 947 368; x_wconf 86' lang='lat' dir='ltr'>postquam</span> <span class='ocrx_word' id='word_1_17' title='bbox 985 318 1091 356; x_wconf 89' lang='lat' dir='ltr'><strong>dorni</strong></span> <span class='ocrx_word' id='word_1_18' title='bbox 1128 329 1218 356; x_wconf 90' lang='lat' dir='ltr'><strong>eum</strong></span> <span class='ocrx_word' id='word_1_19' title='bbox 1258 325 1296 355; x_wconf 91' lang='lat' dir='ltr'><strong>et</strong></span> <span class='ocrx_word' id='word_1_20' title='bbox 1333 317 1648 367; x_wconf 86' lang='lat' dir='ltr'><strong>circumspectius</strong></span> 
     </span>
     <span class='ocr_line' id='line_1_4' title="bbox 261 381 1650 432; baseline -0.001 -11"><span class='ocrx_word' id='word_1_21' title='bbox 261 390 550 432; x_wconf 87' lang='lat' dir='ltr'><strong>recognouerat.</strong></span> <span class='ocrx_word' id='word_1_22' title='bbox 608 383 685 421; x_wconf 91' lang='lat' dir='ltr'><strong>Hic</strong></span> <span class='ocrx_word' id='word_1_23' title='bbox 713 395 813 432; x_wconf 90' lang='lat' dir='ltr'><strong>quae</strong></span> <span class='ocrx_word' id='word_1_24' title='bbox 842 383 991 421; x_wconf 90' lang='lat' dir='ltr'><strong>censuit</strong></span> <span class='ocrx_word' id='word_1_25' title='bbox 1019 396 1098 422; x_wconf 90' lang='lat' dir='ltr'><strong>non</strong></span> <span class='ocrx_word' id='word_1_26' title='bbox 1124 382 1255 421; x_wconf 88' lang='lat' dir='ltr'><strong>inutile</strong></span> <span class='ocrx_word' id='word_1_27' title='bbox 1284 382 1386 421; x_wconf 90' lang='lat' dir='ltr'><strong>duco</strong></span> <span class='ocrx_word' id='word_1_28' title='bbox 1411 395 1458 421; x_wconf 83' lang='lat' dir='ltr'><strong>ex</strong></span> <span class='ocrx_word' id='word_1_29' title='bbox 1486 381 1650 432; x_wconf 83' lang='lat' dir='ltr'><strong>epistula</strong></span> 
     </span>
     <span class='ocr_line' id='line_1_5' title="bbox 260 448 1650 498; baseline -0.001 -12"><span class='ocrx_word' id='word_1_30' title='bbox 260 448 343 486; x_wconf 88' lang='lat' dir='ltr'><strong>eius</strong></span> <span class='ocrx_word' id='word_1_31' title='bbox 371 448 561 498; x_wconf 87' lang='lat' dir='ltr'><strong>proferre;</strong></span> <span class='ocrx_word' id='word_1_32' title='bbox 599 459 661 485; x_wconf 88' lang='lat' dir='ltr'><strong>res</strong></span> <span class='ocrx_word' id='word_1_33' title='bbox 692 449 796 485; x_wconf 87' lang='lat' dir='ltr'><strong>enim</strong></span> <span class='ocrx_word' id='word_1_34' title='bbox 829 459 909 485; x_wconf 92' lang='lat' dir='ltr'><strong>non</strong></span> <span class='ocrx_word' id='word_1_35' title='bbox 943 448 1036 486; x_wconf 89' lang='lat' dir='ltr'><strong>leuis</strong></span> <span class='ocrx_word' id='word_1_36' title='bbox 1064 449 1147 486; x_wconf 84' lang='lat' dir='ltr'><strong>uisa</strong></span> <span class='ocrx_word' id='word_1_37' title='bbox 1176 455 1243 494; x_wconf 89' lang='lat' dir='ltr'><strong>est,</strong></span> <span class='ocrx_word' id='word_1_38' title='bbox 1268 460 1358 486; x_wconf 89' lang='lat' dir='ltr'><strong>cum</strong></span> <span class='ocrx_word' id='word_1_39' title='bbox 1387 449 1427 485; x_wconf 90' lang='lat' dir='ltr'><strong>in</strong></span> <span class='ocrx_word' id='word_1_40' title='bbox 1457 448 1650 486; x_wconf 88' lang='lat' dir='ltr'><strong>adnotatis</strong></span> 
     </span>
     <span class='ocr_line' id='line_1_6' title="bbox 261 512 1650 563; baseline -0.001 -12"><span class='ocrx_word' id='word_1_41' title='bbox 261 513 343 551; x_wconf 89' lang='lat' dir='ltr'><strong>istis</strong></span> <span class='ocrx_word' id='word_1_42' title='bbox 380 513 584 562; x_wconf 85' lang='lat' dir='ltr'><strong>anticipata</strong></span> <span class='ocrx_word' id='word_1_43' title='bbox 617 518 746 551; x_wconf 87' lang='lat' dir='ltr'><strong>essent</strong></span> <span class='ocrx_word' id='word_1_44' title='bbox 778 525 878 562; x_wconf 86' lang='lat' dir='ltr'><strong>quae</strong></span> <span class='ocrx_word' id='word_1_45' title='bbox 911 513 1052 551; x_wconf 86' lang='lat' dir='ltr'><strong>summi</strong></span> <span class='ocrx_word' id='word_1_46' title='bbox 1086 513 1155 551; x_wconf 86' lang='lat' dir='ltr'><strong>uiri</strong></span> <span class='ocrx_word' id='word_1_47' title='bbox 1191 513 1362 563; x_wconf 87' lang='lat' dir='ltr'><strong>Scaliger</strong></span> <span class='ocrx_word' id='word_1_48' title='bbox 1390 521 1427 551; x_wconf 92' lang='lat' dir='ltr'><strong>et</strong></span> <span class='ocrx_word' id='word_1_49' title='bbox 1454 512 1650 551; x_wconf 86' lang='lat' dir='ltr'><strong>Bentleius</strong></span> 
     </span>
     <span class='ocr_line' id='line_1_7' title="bbox 261 577 1650 629; baseline -0.001 -13"><span class='ocrx_word' id='word_1_50' title='bbox 261 579 374 629; x_wconf 89' lang='lat' dir='ltr'><strong>primi</strong></span> <span class='ocrx_word' id='word_1_51' title='bbox 394 578 588 616; x_wconf 88' lang='lat' dir='ltr'><strong>diuinasse</strong></span> <span class='ocrx_word' id='word_1_52' title='bbox 608 578 824 616; x_wconf 88' lang='lat' dir='ltr'><strong>creduntur.</strong></span> <span class='ocrx_word' id='word_1_53' title='bbox 885 577 947 616; x_wconf 89' lang='lat' dir='ltr'><strong>Sic</strong></span> <span class='ocrx_word' id='word_1_54' title='bbox 972 579 1086 628; x_wconf 86' lang='lat' dir='ltr'><strong>igitur</strong></span> <span class='ocrx_word' id='word_1_55' title='bbox 1113 577 1334 617; x_wconf 87' lang='lat' dir='ltr'><strong>Macraius:</strong></span> <span class='ocrx_word' id='word_1_56' title='bbox 1365 577 1426 629; x_wconf 80' lang='grc' dir='ltr'><strong>(ι)</strong></span> <span class='ocrx_word' id='word_1_57' title='bbox 1445 579 1576 616; x_wconf 90' lang='lat' dir='ltr'><strong>omnia</strong></span> <span class='ocrx_word' id='word_1_58' title='bbox 1601 578 1650 615; x_wconf 88' lang='lat' dir='ltr'><strong>ab</strong></span> 
     </span>
     <span class='ocr_line' id='line_1_8' title="bbox 261 641 1649 695; baseline -0.001 -14"><span class='ocrx_word' id='word_1_59' title='bbox 261 643 400 681; x_wconf 87' lang='lat' dir='ltr'><strong>eadem</strong></span> <span class='ocrx_word' id='word_1_60' title='bbox 429 655 546 680; x_wconf 86' lang='lat' dir='ltr'><strong>manu</strong></span> <span class='ocrx_word' id='word_1_61' title='bbox 576 643 715 692; x_wconf 86' lang='lat' dir='ltr'><strong>scripta</strong></span> <span class='ocrx_word' id='word_1_62' title='bbox 747 655 831 680; x_wconf 90' lang='lat' dir='ltr'><strong>esse</strong></span> <span class='ocrx_word' id='word_1_63' title='bbox 860 641 920 694; x_wconf 82' lang='lat'><strong>(2)</strong></span> <span class='ocrx_word' id='word_1_64' title='bbox 950 644 1050 682; x_wconf 88' lang='lat' dir='ltr'><strong>circa</strong></span> <span class='ocrx_word' id='word_1_65' title='bbox 1083 655 1185 692; x_wconf 88' lang='lat'>1550</span> <span class='ocrx_word' id='word_1_66' title='bbox 1216 642 1275 695; x_wconf 85' lang='lat'><strong>(3)</strong></span> <span class='ocrx_word' id='word_1_67' title='bbox 1306 644 1355 681; x_wconf 88' lang='lat' dir='ltr'><strong>ab</strong></span> <span class='ocrx_word' id='word_1_68' title='bbox 1383 643 1481 681; x_wconf 89' lang='lat' dir='ltr'><strong>Italo</strong></span> <span class='ocrx_word' id='word_1_69' title='bbox 1511 641 1570 693; x_wconf 91' lang='lat'><strong>(4)</strong></span> <span class='ocrx_word' id='word_1_70' title='bbox 1593 644 1649 680; x_wconf 89' lang='lat' dir='ltr'><strong>in-</strong></span> 
     </span>
     <span class='ocr_line' id='line_1_9' title="bbox 261 708 1652 759; baseline 0.001 -13"><span class='ocrx_word' id='word_1_71' title='bbox 261 708 473 754; x_wconf 84' lang='lat' dir='ltr'><strong>uolucrum‚</strong></span> <span class='ocrx_word' id='word_1_72' title='bbox 489 720 568 757; x_wconf 87' lang='lat' dir='ltr'><strong>quo</strong></span> <span class='ocrx_word' id='word_1_73' title='bbox 583 708 678 746; x_wconf 92' lang='lat' dir='ltr'><strong>liber</strong></span> <span class='ocrx_word' id='word_1_74' title='bbox 694 708 843 746; x_wconf 87' lang='lat' dir='ltr'><strong>cinctus</strong></span> <span class='ocrx_word' id='word_1_75' title='bbox 859 709 916 755; x_wconf 88' lang='lat' dir='ltr'><strong>sit,</strong></span> <span class='ocrx_word' id='word_1_76' title='bbox 932 709 1014 747; x_wconf 84' lang='lat' dir='ltr'><strong>eius</strong></span> <span class='ocrx_word' id='word_1_77' title='bbox 1030 709 1175 747; x_wconf 88' lang='lat' dir='ltr'><strong>formae</strong></span> <span class='ocrx_word' id='word_1_78' title='bbox 1192 721 1275 747; x_wconf 88' lang='lat' dir='ltr'><strong>esse</strong></span> <span class='ocrx_word' id='word_1_79' title='bbox 1293 721 1371 759; x_wconf 93' lang='lat' dir='ltr'><strong>quo</strong></span> <span class='ocrx_word' id='word_1_80' title='bbox 1387 708 1469 746; x_wconf 87' lang='lat' dir='ltr'>Itali</span> <span class='ocrx_word' id='word_1_81' title='bbox 1485 709 1534 746; x_wconf 90' lang='lat' dir='ltr'><strong>ab</strong></span> <span class='ocrx_word' id='word_1_82' title='bbox 1548 720 1652 747; x_wconf 90' lang='lat' dir='ltr'><strong>anno</strong></span> 
     </span>
     <span class='ocr_line' id='line_1_10' title="bbox 262 773 1653 824; baseline 0 -14"><span class='ocrx_word' id='word_1_83' title='bbox 262 785 384 823; x_wconf 86' lang='lat' dir='ltr'><strong>usque</strong></span> <span class='ocrx_word' id='word_1_84' title='bbox 404 775 505 820; x_wconf 87' lang='lat'>1580</span> <span class='ocrx_word' id='word_1_85' title='bbox 529 773 587 810; x_wconf 88' lang='lat' dir='ltr'><strong>usi</strong></span> <span class='ocrx_word' id='word_1_86' title='bbox 607 773 682 811; x_wconf 87' lang='lat' dir='ltr'><strong>sint</strong></span> <span class='ocrx_word' id='word_1_87' title='bbox 694 786 704 819; x_wconf 86' lang='lat'>;</span> <span class='ocrx_word' id='word_1_88' title='bbox 734 785 782 810; x_wconf 84' lang='lat' dir='ltr'><strong>ex</strong></span> <span class='ocrx_word' id='word_1_89' title='bbox 802 773 911 811; x_wconf 86' lang='lat' dir='ltr'><strong>titulo</strong></span> <span class='ocrx_word' id='word_1_90' title='bbox 931 781 1070 820; x_wconf 86' lang='lat' dir='ltr'><strong>autem,</strong></span> <span class='ocrx_word' id='word_1_91' title='bbox 1089 775 1154 824; x_wconf 90' lang='lat' dir='ltr'><strong>qui</strong></span> <span class='ocrx_word' id='word_1_92' title='bbox 1174 774 1262 812; x_wconf 92' lang='lat' dir='ltr'><strong>huic</strong></span> <span class='ocrx_word' id='word_1_93' title='bbox 1282 774 1482 812; x_wconf 88' lang='lat' dir='ltr'><strong>inuolucro</strong></span> <span class='ocrx_word' id='word_1_94' title='bbox 1501 773 1653 811; x_wconf 85' lang='lat' dir='ltr'><strong>additus</strong></span> 
     </span>
     <span class='ocr_line' id='line_1_11' title="bbox 264 838 1653 890; baseline 0 -14"><span class='ocrx_word' id='word_1_95' title='bbox 264 839 321 885; x_wconf 89' lang='lat' dir='ltr'><strong>sit,</strong></span> <span class='ocrx_word' id='word_1_96' title='bbox 341 851 440 889; x_wconf 90' lang='lat' dir='ltr'><strong>quae</strong></span> <span class='ocrx_word' id='word_1_97' title='bbox 465 850 613 888; x_wconf 85' lang='lat' dir='ltr'><strong>paucae</strong></span> <span class='ocrx_word' id='word_1_98' title='bbox 641 839 832 888; x_wconf 82' lang='lat' dir='ltr'><strong>supersint</strong></span> <span class='ocrx_word' id='word_1_99' title='bbox 858 839 1002 877; x_wconf 87' lang='lat' dir='ltr'><strong>litterae</strong></span> <span class='ocrx_word' id='word_1_100' title='bbox 1022 851 1129 885; x_wconf 82' lang='lat' dir='ltr'>ASTR,</span> <span class='ocrx_word' id='word_1_101' title='bbox 1151 852 1216 877; x_wconf 85' lang='lat' dir='ltr'><strong>eas</strong></span> <span class='ocrx_word' id='word_1_102' title='bbox 1242 839 1335 877; x_wconf 88' lang='lat' dir='ltr'><strong>tales</strong></span> <span class='ocrx_word' id='word_1_103' title='bbox 1358 851 1441 878; x_wconf 85' lang='lat' dir='ltr'><strong>esse</strong></span> <span class='ocrx_word' id='word_1_104' title='bbox 1461 839 1592 890; x_wconf 88' lang='lat' dir='ltr'><strong>quales</strong></span> <span class='ocrx_word' id='word_1_105' title='bbox 1612 838 1653 877; x_wconf 88' lang='lat' dir='ltr'><strong>in</strong></span> 
     </span>
     <span class='ocr_line' id='line_1_12' title="bbox 262 901 1416 955; baseline 0.002 -15"><span class='ocrx_word' id='word_1_106' title='bbox 262 903 366 942; x_wconf 87' lang='lat' dir='ltr'><strong>libris</strong></span> <span class='ocrx_word' id='word_1_107' title='bbox 386 904 466 941; x_wconf 91' lang='lat' dir='ltr'><strong>eius</strong></span> <span class='ocrx_word' id='word_1_108' title='bbox 487 903 628 941; x_wconf 86' lang='lat' dir='ltr'><strong>saeculi</strong></span> <span class='ocrx_word' id='word_1_109' title='bbox 649 901 769 954; x_wconf 89' lang='lat' dir='ltr'><strong>(circa</strong></span> <span class='ocrx_word' id='word_1_110' title='bbox 792 902 913 955; x_wconf 94' lang='lat'>1600)</span> <span class='ocrx_word' id='word_1_111' title='bbox 933 915 1013 942; x_wconf 91' lang='lat' dir='ltr'><strong>non</strong></span> <span class='ocrx_word' id='word_1_112' title='bbox 1032 917 1118 943; x_wconf 86' lang='lat' dir='ltr'><strong>raro</strong></span> <span class='ocrx_word' id='word_1_113' title='bbox 1139 903 1416 943; x_wconf 78' lang='lat' dir='ltr'><strong>inueniantur1.</strong></span> 
     </span>
    </p>
   </div>
   <div class='ocr_carea' id='block_1_3' title="bbox 263 999 1653 1096">
    <p class='ocr_par' dir='ltr' id='par_1_3' title="bbox 263 999 1653 1096">
     <span class='ocr_line' id='line_1_13' title="bbox 306 999 1653 1045; baseline 0.001 -13"><span class='ocrx_word' id='word_1_114' title='bbox 306 999 318 1019; x_wconf 82' lang='lat'>¹</span> <span class='ocrx_word' id='word_1_115' title='bbox 344 1001 423 1032; x_wconf 91' lang='lat' dir='ltr'><strong>Hoc</strong></span> <span class='ocrx_word' id='word_1_116' title='bbox 449 1000 643 1042; x_wconf 88' lang='lat' dir='ltr'><strong>epimetrum</strong></span> <span class='ocrx_word' id='word_1_117' title='bbox 669 1001 737 1032; x_wconf 89' lang='lat' dir='ltr'><strong>iarn</strong></span> <span class='ocrx_word' id='word_1_118' title='bbox 764 1001 930 1042; x_wconf 83' lang='lat' dir='ltr'><strong>publicani</strong></span> <span class='ocrx_word' id='word_1_119' title='bbox 959 1001 992 1032; x_wconf 92' lang='lat' dir='ltr'><strong>in</strong></span> <span class='ocrx_word' id='word_1_120' title='bbox 1023 1002 1050 1033; x_wconf 90' lang='lat' dir='ltr'><em>C</em></span> <span class='ocrx_word' id='word_1_121' title='bbox 1050 1002 1359 1033; x_wconf 79' lang='lat' dir='ltr'><strong>ommentatiom&#39;bus</strong></span> <span class='ocrx_word' id='word_1_122' title='bbox 1389 1001 1653 1045; x_wconf 61' lang='lat' dir='ltr'><strong>llbegffliniamlr,</strong></span> 
     </span>
     <span class='ocr_line' id='line_1_14' title="bbox 263 1052 1407 1096; baseline 0.001 -11"><span class='ocrx_word' id='word_1_123' title='bbox 263 1063 346 1096; x_wconf 85' lang='lat' dir='ltr'><strong>quae</strong></span> <span class='ocrx_word' id='word_1_124' title='bbox 361 1052 475 1096; x_wconf 79' lang='lat' dir='ltr'><strong>primis</strong></span> <span class='ocrx_word' id='word_1_125' title='bbox 491 1052 605 1086; x_wconf 71' lang='lat' dir='ltr'><strong>diebus</strong></span> <span class='ocrx_word' id='word_1_126' title='bbox 619 1052 716 1085; x_wconf 87' lang='lat' dir='ltr'><strong>huius</strong></span> <span class='ocrx_word' id='word_1_127' title='bbox 731 1052 807 1084; x_wconf 87' lang='lat' dir='ltr'><strong>anni</strong></span> <span class='ocrx_word' id='word_1_128' title='bbox 823 1063 863 1085; x_wconf 89' lang='lat' dir='ltr'><strong>ex</strong></span> <span class='ocrx_word' id='word_1_129' title='bbox 878 1053 1014 1085; x_wconf 88' lang='lat' dir='ltr'><strong>aedibus</strong></span> <span class='ocrx_word' id='word_1_130' title='bbox 1030 1054 1192 1086; x_wconf 86' lang='lat' dir='ltr'><strong>Teubneri</strong></span> <span class='ocrx_word' id='word_1_131' title='bbox 1207 1053 1407 1096; x_wconf 82' lang='lat' dir='ltr'><strong>prodierunt.</strong></span> 
     </span>
    </p>
   </div>
  </div>
 </body>
</html>
