1786 2878
828 116 853 147 J
1484 120 1536 162 23

140 233 259 272 sacris
292 232 492 280 coleretur,
524 231 700 282 potuisse
733 231 808 270 dici
839 232 988 271 caelum
1019 244 1178 282 regere
1212 240 1397 283 tanquam
1435 239 1535 270 esset

141 299 267 337 socius
287 298 479 337 Tonantis
494 311 504 345 ;
535 299 642 348 quod
662 304 791 335 autem
811 298 892 336 uult
912 298 1054 336 Birtius
1074 310 1208 337 uersus
1227 298 1281 336 sic
1302 298 1533 348 distinguere

465 362 705 413 Venerisque
734 363 784 400 ab
812 363 959 412 origine
988 364 1114 413 proles

301 427 424 467 Iulia:
465 428 664 466 descendit
693 428 812 475 caelo,
842 429 1067 479 caelumque
1096 428 1266 478 repleuit,

303 493 423 540 Quod
452 492 547 542 regit
575 492 773 543 Augustus
804 494 911 532 socio
940 506 1009 544 per
1038 494 1147 544 signa
1177 494 1359 532 Tonante
1380 497 1447 531 &c.

137 559 379 610 paucissimis
407 558 446 597 id
474 559 590 597 credo
619 571 902 609 persuasurum.

191 625 222 663 Ι.
245 627 428 674 809-812

299 690 397 728 Sunt
425 689 499 728 alia
527 689 694 728 aduerso
723 690 937 740 pugnantia
967 690 1092 728 sidera
1119 690 1268 728 mundo

298 755 411 802 Quae
440 762 581 794 terram
610 756 838 806 caelumque
867 756 964 794 inter
991 756 1191 793 uolitantia
1219 755 1388 805 pendent

298 821 452 859 Saturni
481 821 588 859 Iouis
617 829 654 859 et
685 820 821 859 Martis
852 821 1030 871 Solisque
1061 822 1132 859 sub
1161 821 1232 859 illis

296 885 513 925 Mercurius
542 886 736 924 Venerem
767 887 864 925 inter
893 887 970 936 agit
999 886 1229 936 Lunamque
1258 885 1415 924 locatus.

188 953 263 989 812
286 964 470 990 uenerem
489 956 501 989 i
520 952 643 1001 tangit
672 951 786 990 Voss.²

186 1017 287 1055 Cum
307 1017 365 1056 his
385 1030 448 1055 uu.
469 1017 720 1067 comparandi
740 1025 829 1055 sunt
844 1017 892 1054 V.
915 1026 989 1066 5-7
1012 1016 1070 1055 Ac
1082 1024 1154 1066 per
1172 1018 1373 1054 descensum
1396 1017 1527 1053 medios

121 1087 363 1132 percurrerel
385 1084 488 1133 zjgnes
508 1082 676 1121 Saturni
690 1082 796 1120 Iouis
821 1088 854 1120 et
876 1083 1026 1120 Illarlz's
1055 1082 1222 1132 Solisque
1249 1082 1314 1119 sub
1338 1082 1414 1118 illis
1433 1082 1529 1119 Post

139 1148 305 1186 Venerem
333 1153 366 1186 et
392 1148 509 1186 Maia
538 1153 667 1186 nalum
695 1153 737 1195 le,
762 1149 889 1194 Luna,
919 1153 1126 1198 uagantem.
1186 1147 1282 1185 Sunt
1311 1147 1414 1185 enim
1444 1154 1523 1185 tam

129 1214 272 1252 similes
292 1221 333 1252 ut
352 1214 402 1251 ad
421 1214 507 1252 illos
527 1214 565 1251 hi
586 1214 855 1252 conformandi
877 1215 961 1260 sint,
984 1221 1020 1251 et
1040 1214 1093 1251 sic
1114 1212 1374 1262 distinguendi

293 1279 445 1317 Saturni
474 1280 579 1317 Iouis
609 1286 647 1318 et
677 1279 814 1317 Martis
845 1279 1043 1329 Solisque:
1084 1279 1155 1316 sub
1184 1279 1256 1316 illis

290 1344 383 1384 Post
411 1345 605 1384 Venerem
635 1352 672 1383 et
703 1345 810 1383 Maia
839 1352 972 1382 natum
1003 1352 1052 1391 te,
1084 1344 1206 1390 Luna,
1236 1350 1444 1392 uagantem

127 1408 234 1460 quod
267 1421 412 1449 moneo
445 1418 602 1461 propter
631 1411 810 1458 editores,
843 1411 909 1461 qui
944 1422 1080 1448 omnes
1115 1409 1403 1447 distinctionem
1435 1414 1522 1458 post

125 1475 193 1513 sub
212 1477 289 1513 z‘llzk
307 1483 535 1526 posuerunt⁰¹
574 1476 793 1527 Vtrumque
814 1476 943 1514 locum
964 1475 1160 1513 Bentleius
1180 1476 1229 1512 ab
1248 1474 1521 1523 interpolatore

126 1541 286 1579 credidit
305 1541 532 1591 profectum,
549 1542 616 1580 sed
636 1555 658 1580 a
678 1542 774 1580 libro
793 1542 831 1579 V
850 1542 915 1579 uix
936 1548 1113 1591 poterant
1133 1541 1290 1578 abesse:
1326 1540 1373 1577 de
1393 1539 1520 1588 priore

124 1607 211 1645 loco
223 1606 373 1646 haereo.
412 1607 517 1645 Nam
529 1607 635 1657 quod
650 1620 831 1646 uersuum
845 1608 874 1646 I.
892 1609 1045 1656 809-81
1056 1620 1074 1644 2
1094 1606 1308 1644 scabritiem
1323 1604 1519 1642 Bentleius

123 1672 375 1722 reprehendit,
396 1673 511 1711 habet
536 1674 686 1723 peiores
714 1673 897 1711 Manilius
921 1680 958 1711 et
985 1684 1083 1723 quos
1106 1684 1222 1709 nemo
1242 1678 1373 1708 tamen
1399 1671 1448 1707 ab
1472 1682 1519 1708 eo

124 1738 348 1776 abiudicarit
363 1750 370 1776 :
398 1745 480 1776 tum
496 1751 573 1789 qua
593 1752 640 1776 ex
659 1751 700 1777 re
715 1738 909 1776 Bentleius
930 1738 1133 1788 praecipue
1150 1749 1217 1775 eos
1232 1736 1518 1781 condemnauit,

122 1803 189 1841 sub
205 1805 281 1841 z'llz's
299 1803 520 1841 lllercurz'us
545 1804 709 1842 Venerem
731 1806 827 1842 inter
845 1805 926 1854 agit
942 1804 1162 1852 Lunamque
1176 1804 1325 1847 locatus,
1342 1801 1517 1838 nondum

123 1869 367 1919 exploratum
400 1876 459 1908 est
492 1876 594 1908 recte
629 1870 682 1908 sic
716 1871 836 1908 uerba
870 1870 943 1908 edi.
976 1869 1104 1907 Voss.2
1137 1869 1198 1906 cui
1236 1875 1324 1917 post
1365 1866 1517 1904 Gembl.

123 1947 275 1984 semper
307 1935 451 1984 primas
484 1936 624 1982 tribuo,
657 1935 786 1973 locum
822 1936 869 1973 sit
903 1935 1058 1972 exhibet
1092 1934 1157 1972 sub
1191 1935 1267 1971 illis
1295 1932 1518 1969 Illercurz'us

121 2013 284 2038 uenerem
313 2004 330 2038 ῑ
354 2001 481 2050 tangil
505 2002 702 2050 lunamque
730 2002 892 2038 locatus:
921 2001 958 2038 id
987 2013 1055 2050 per
1081 2000 1223 2037 litteras
1250 1999 1434 2047 scriptum
1461 1997 1515 2034 sie

122 2066 249 2103 euadit
279 2079 442 2103 uenerem
476 2068 651 2116 z'ntangz't.
722 2066 814 2104 Hoc
848 2067 887 2103 z'n
921 2066 1072 2103 uidetur
1100 2077 1208 2102 mero
1239 2075 1367 2102 errore
1399 2075 1445 2100 ex
1481 2074 1516 2098 m

121 2131 355 2170 conflatum:
385 2132 462 2169 iarn
484 2145 518 2169 m
542 2144 609 2181 per
629 2131 929 2181 dittographiam
950 2144 971 2168 a
992 2131 1119 2180 priore
1139 2128 1331 2167 uocabulo
1351 2140 1513 2164 uenerem

120 2196 300 2234 tralatum
326 2203 440 2247 atque
466 2197 643 2235 iteratum
671 2209 764 2242 esse,
787 2196 1117 2246 quemadmodum
1138 2195 1206 2233 IV.
1230 2197 1306 2241 640
1328 2194 1513 2229 uictricem

119 2261 288 2299 Ebusum
317 2262 461 2300 factum
481 2270 537 2300 est
562 2263 599 2299 in
621 2260 748 2299 Voss}
770 2264 955 2298 uiclrl‘cem
987 2262 1179 2305 mebusum,
1202 2259 1269 2296 IV.
1295 2272 1343 2307 39
1376 2258 1512 2294 Varro-

118 2341 264 2377 nemque
276 2328 385 2378 suga
419 2341 596 2377 magnum
630 2328 669 2364 in
703 2327 856 2364 Gembl.
887 2327 991 2376 Lips.
1023 2326 1113 2364 Cus.
1145 2325 1345 2363 Vossianis
1366 2329 1509 2371 pagum

120 2406 308 2442 magnum.
364 2393 425 2432 Ne
445 2394 577 2438 multa,
596 2393 718 2442 potuit
738 2404 872 2429 uersus
893 2392 945 2429 sic
966 2392 1091 2436 scribi,
1108 2392 1173 2428 snb
1193 2391 1270 2427 illis
1289 2387 1511 2425 Mra-curnis

130 2458 294 2496 Venerem
332 2460 456 2508 tangil
486 2459 705 2507 Lunamque
738 2458 889 2503 locatus,
922 2458 993 2495 hac
1027 2456 1300 2505 significatione
1333 2453 1398 2490 sub
1433 2454 1510 2489 illis

119 2524 301 2573 (Saturno
322 2525 414 2563 Ioue
437 2524 562 2562 Marte
586 2523 691 2574 Sole)
711 2525 848 2560 locatus
861 2522 1080 2559 Mercurius
1100 2521 1221 2570 langl'l
1239 2519 1318 2557 siue
1335 2517 1508 2556 confines
