1786 2878
251 142 273 172 2
281 130 303 171 8
661 140 728 172 No
735 141 762 172 C
766 141 798 171 T
795 140 828 171 E
830 141 858 172 S
886 141 959 172 MA
965 142 1104 173 NJLJA
1112 142 1180 173 NA
1186 142 1219 173 E

249 267 351 294 uana
383 247 511 294 Voss.²'
553 269 604 303 40
634 264 783 295 creatus
804 259 982 307 plerique.
1042 272 1090 306 42
1126 272 1360 308 causamque
1401 260 1572 297 Vossz'anz'
1605 260 1645 297 in

249 334 342 360 arua
363 321 535 371 Scaliger
554 323 653 370 quod
668 327 880 372 receperunt
892 325 1058 373 plerique
1104 325 1142 362 in
1163 333 1270 362 antra
1289 324 1412 362 Bentl.

306 387 502 425 Bentleius
523 388 755 426 emendabat
776 390 871 426 ritus
882 394 1090 438 passorum,
1115 391 1225 439 quasi
1245 392 1342 427 ritus
1355 398 1526 439 pecorum
1543 389 1647 428 aliud

251 453 555 501 significaturum
577 453 696 498 fuerit,
711 466 850 503 nempe
866 455 983 492 uitam
1004 463 1041 492 et
1056 456 1199 493 uictum
1220 456 1426 505 pecudum,
1441 456 1648 505 citauitque

253 518 388 556 Claud.
411 518 456 555 de
477 519 512 554 vi
535 518 652 556 Coris.
678 519 843 556 Honorii
878 531 949 568 153
981 534 1030 557 an
1061 522 1147 557 iura
1170 528 1327 570 perosus
1347 521 1572 570 Adprz'scos
1583 528 1648 569 pe-

251 584 383 621 cudum
415 584 612 620 damnaret
642 586 789 621 saecula
820 585 955 622 ritus?
994 586 1046 623 At
1077 587 1108 623 si
1137 586 1282 623 Plinius
1312 586 1364 624 H.
1388 585 1437 622 N.
1459 586 1508 622 xi.
1532 598 1578 634 23
1601 585 1649 622 de

252 649 391 698 apibus
411 648 576 699 loquens
605 649 700 687 dixit
729 663 810 687 cum
840 651 908 687 duo
928 652 1107 688 momina
1131 651 1370 688 concordibus
1390 652 1542 700 populis
1572 651 1649 687 dis-

252 715 390 752 similes
419 714 576 751 habuere
604 716 713 761 ritus,
744 716 869 764 potuit
899 715 1093 763 Manilius,
1117 717 1224 754 cuius
1252 718 1291 754 in
1322 728 1502 754 sermone
1527 715 1650 753 multo

254 780 380 817 minor
400 791 489 817 cura
509 779 576 817 fuit
596 780 710 818 latine
731 781 927 831 loquendi,
945 782 1047 819 idem
1062 782 1299 820 uocabulum
1313 782 1360 820 de
1375 781 1652 819 consuetudine

253 853 291 883 et
310 846 480 882 moribus
500 858 684 894 pecorum
705 859 861 895 ponere.

309 910 455 947 Vltima
474 911 536 948 illa
549 918 689 960 perque
714 912 871 949 horrida
901 917 1020 950 molus
1049 911 1165 950 Rura
1193 914 1285 950 serz‘l
1310 913 1427 949 dulcis
1457 912 1510 949 sic
1540 911 1654 948 inter-

254 982 466 1026 pretantur,
491 977 631 1014 ‘nectit
659 977 822 1015 choreas
846 978 1031 1016 amabiles
1055 991 1125 1028 per
1148 976 1257 1024 rura‚'
1280 978 1386 1028 quod
1411 989 1491 1014 non
1520 977 1655 1014 iniuria

255 1042 464 1080 Theocrito
485 1042 701 1091 adfingitur.
758 1043 891 1080 lllotus
915 1044 968 1081 sie
996 1052 1227 1093 usurparunt
1247 1043 1439 1092 Vergilius
1460 1042 1508 1080 G.
1531 1043 1553 1080 i.
1577 1053 1654 1090 350

255 1107 333 1144 Det
350 1112 466 1144 motus
486 1109 748 1157 incompositos,
769 1109 956 1147 Horatius
977 1109 1022 1147 C.
1044 1109 1078 1147 ii.
1099 1119 1132 1157 7.
1148 1121 1208 1155 21,
1230 1108 1364 1146 Liuius
1383 1108 1442 1145 vii.
1467 1121 1485 1145 2
1505 1119 1514 1145 t
1545 1115 1582 1145 et
1601 1108 1656 1146 sie

256 1174 399 1210 moueri
415 1172 511 1211 Hor.
525 1174 572 1211 A.
590 1173 631 1210 P.
651 1187 670 1211 2
677 1187 724 1222 32
753 1175 917 1225 Vtseslz's
938 1181 1108 1212 malrona
1129 1176 1271 1212 moueri
1286 1176 1388 1212 iussa
1408 1174 1543 1220 diebus,
1557 1173 1657 1222 Epp.

256 1239 293 1276 ii.
326 1251 360 1276 2.
386 1248 459 1286 125
490 1252 587 1276 nunc
615 1238 796 1288 Sagyrum
827 1253 926 1277 nunc
955 1245 1133 1289 agrestem
1166 1239 1325 1290 Cyclopa
1349 1243 1522 1277 mouetur.
1581 1238 1658 1276 Sed

257 1316 357 1354 quae
381 1310 438 1342 est
473 1304 683 1354 deprauata
715 1305 896 1343 codicum
927 1305 1231 1344 Manilianorum
1265 1305 1455 1351 condicio,
1486 1304 1659 1354 suspicor

257 1369 374 1407 latere
394 1369 498 1407 aliud
519 1370 703 1419 quiddam

749 1448 894 1487 perque
923 1436 1080 1475 horrida
1107 1436 1208 1474 lotos

426 1499 532 1538 Rura
560 1500 644 1538 ferit
674 1501 804 1539 dulcis.

259 1565 366 1603 Paul.
386 1565 496 1604 Diae.
517 1579 554 1616 p.
581 1579 595 1603 1
608 1580 653 1615 19
677 1566 733 1604 M.
754 1568 867 1605 Lolos
887 1567 1036 1605 arboris
1056 1580 1184 1617 genus,
1205 1579 1255 1604 ex
1275 1567 1382 1604 cuius
1405 1567 1562 1604 materia
1568 1565 1660 1616 sre-

259 1636 408 1680 quenler
435 1633 544 1669 tibiae
561 1633 717 1682 fiebant.
773 1633 913 1670 Athen.
934 1633 981 1670 iv.
1007 1634 1093 1670 182.
1114 1632 1149 1670 d.
1179 1635 1210 1668 οἱ
1233 1634 1269 1668 δέ
1299 1632 1498 1679 καλούμενοι
1526 1633 1662 1667 λωτινοὶ

260 1698 359 1733 αὗλοι
379 1697 472 1733 οὗτοί
492 1698 580 1733 εἷο-ιν
599 1701 629 1734 οἱ
650 1699 716 1734 ὑπὸ
734 1699 988 1746 Ἀλεξανδρέων
1006 1698 1204 1744 καλούμενοι
1224 1700 1407 1746 φώτιγγες.
1456 1698 1662 1733 κατασκευά-

262 1765 372 1807 ζονται
392 1764 421 1798 δ’
442 1763 477 1797 ἐκ
496 1765 557 1797 τοῦ
578 1764 785 1809 καλουμένου
811 1767 935 1809 λωτοῦ,
957 1763 1062 1810 ξύλον
1081 1763 1110 1799 δ’
1130 1764 1206 1800 ἐστὶ
1233 1766 1334 1798 τοῦτο
1354 1765 1532 1810 γενόμενον
1550 1763 1585 1798 ἐν
1604 1769 1662 1797 Λι-

261 1828 340 1873 βύῃ.
394 1826 508 1866 Ouid.
523 1827 564 1866 F.
583 1828 629 1864 iv.
650 1841 724 1876 190
745 1830 833 1865 [οἶος
853 1829 1011 1874 adunca,
1031 1828 1094 1865 Sil.
1108 1828 1178 1865 viii.
1195 1837 1271 1875 505
1288 1826 1537 1877 ll[1gdotzzb772
1555 1828 1661 1872 loson,

262 1893 313 1930 xi.
341 1905 414 1941 432
448 1893 493 1930 Vt
517 1895 647 1942 slrepz't
673 1895 820 1931 assidue
847 1894 1063 1943 Phrygiam
1087 1894 1140 1931 ad
1157 1893 1325 1931 IVz'lolz'ccz
1346 1894 1440 1930 loton
1459 1891 1662 1942 lllemphz's.

264 1958 371 1996 Bene
405 1966 535 1996 autem
574 1958 807 1996 Theocritus
845 1960 934 1996 lotos
972 1967 1172 2008 percutere
1209 1958 1355 2003 dicitur,
1394 1965 1526 2008 utpote
1566 1958 1664 1995 inter

264 2023 549 2061 Alexandrinos
564 2030 699 2073 poetas
712 2030 944 2061 numeratus.
975 2023 1113 2061 Dulcis
1128 2032 1258 2061 autem
1275 2028 1393 2061 molus
1409 2023 1489 2061 siue
1505 2022 1664 2061 choreas

266 2089 458 2127 dicentem
480 2102 528 2126 ne
550 2089 754 2127 Manilium
775 2089 932 2140 quidem
952 2089 1049 2127 fero.

321 2155 372 2192 H-
396 2168 458 2201 44,
481 2164 531 2202 45

432 2220 500 2258 Ille
530 2227 744 2258 uenenatos
773 2221 925 2269 anguis,
955 2220 1015 2258 hic
1046 2227 1137 2257 nata
1166 2232 1234 2269 per
1262 2219 1401 2257 herbas

430 2286 525 2323 Fata
554 2285 675 2331 refert,
706 2286 903 2335 uitamque
926 2298 995 2323 sua
1024 2285 1152 2323 radice
1181 2284 1348 2322 ferentis.

324 2351 402 2389 Sua
427 2350 564 2389 Gcmbl.
585 2363 695 2389 suam
725 2351 898 2388 lbrszkznz'
914 2363 983 2389 sua
1002 2350 1170 2400 Regiam.
1214 2350 1352 2387 Fuitne
1372 2363 1442 2387 sua
1458 2351 1496 2387 sn
1510 2352 1531 2387 Ρ

323 2417 373 2455 11-
397 2426 529 2466 53-59

433 2483 588 2531 Integra
617 2494 845 2532 quaeramus
876 2482 1038 2519 rorantis
1068 2488 1176 2531 prata
1205 2493 1273 2530 per
1301 2480 1440 2519 herbas

433 2547 666 2598 Vndamque
696 2547 856 2586 occultis
885 2547 1132 2586 meditantem
1162 2558 1333 2585 murmur
1364 2547 1401 2583 in
1432 2546 1558 2588 antris,
