1786 2878
810 145 870 175 JV
1450 149 1523 190 131

192 251 357 301 Negauit
396 250 590 289 Bentleius
628 262 721 288 xxm
760 257 846 288 ante
887 263 955 287 xm
990 250 1082 300 poni
1117 250 1311 300 potuisse3
1361 251 1527 288 scriben-

137 316 307 367 dumque

299 382 432 420 Tertia
461 388 498 419 et
526 381 766 427 undecimae,
797 380 1048 431 decimaeque
1078 388 1114 419 et
1143 381 1305 430 septima
1335 382 1473 419 iuncta.

188 456 296 494 Alias
325 464 436 502 certe,
458 463 586 505 partes
615 455 862 492 dinumerans
891 467 990 504 quae
1021 455 1059 492 in
1090 455 1248 504 singulis
1279 455 1398 505 signis
1428 462 1527 501 sunt,

134 521 275 559 iustum
295 522 471 559 ordinem
493 532 742 558 numerorum
763 520 946 558 Manilius
967 521 1142 558 seruauit.

189 586 260 624 Ast
294 586 354 624 hic
389 599 506 624 causa
535 587 687 623 suberat
715 586 922 634 quominus
956 585 995 623 id
1028 585 1191 632 faceret;
1231 586 1350 624 modo
1380 585 1528 623 dixerat

134 654 287 701 septima
306 654 451 689 inutilis
470 657 595 688 aestu:
623 652 790 689 eundem
814 664 1019 689 numerum
1046 652 1234 689 rhetorice
1265 652 1451 701 repetiuit,
1474 651 1528 689 rei

133 730 204 766 per
229 730 269 755 se
297 717 529 755 iniucundae
555 717 775 755 arcessitam
796 717 1006 767 quamdam
1032 724 1069 755 et
1093 718 1284 767 poeticam
1305 718 1528 767 dignitatern

134 783 416 821 conciliaturus.

187 856 256 893 IV.
274 866 364 905 477,
381 858 458 905 478
480 856 534 894 sic
555 862 643 894 sunt
663 856 701 893 in
722 855 876 894 Gembl.

297 921 479 971 Scorpius
507 921 546 958 in
574 922 698 971 prima
726 934 812 959 reus
841 929 897 960 est
925 923 986 960 cui
1015 923 1126 960 tertia
1154 934 1243 972 pars
1273 929 1329 961 est

294 987 346 1025 Et
374 994 482 1025 sexta
509 995 545 1025 et
574 987 740 1025 decuma
768 994 805 1025 et
834 992 960 1037 †quae
988 995 1045 1026 ter
1074 989 1233 1039 quinta†
1263 995 1426 1026 notatur.

189 1071 264 1112 477
278 1076 347 1113 par
359 1063 542 1112 Scaliger.
587 1065 664 1111 478
681 1070 718 1101 et
733 1070 866 1114 quater
882 1065 1014 1114 quinta
1033 1077 1071 1101 n.
1102 1065 1217 1102 Voss.²
1236 1069 1270 1102 el
1279 1066 1446 1114 plerique
1491 1072 1528 1102 et

132 1135 268 1179 quater
280 1130 448 1179 quinque
464 1141 500 1165 n.
523 1127 635 1166 Voss}
675 1129 726 1166 Et
741 1135 861 1175 sexta,
877 1137 912 1167 et
928 1130 1075 1167 decima
1090 1138 1159 1176 est,
1174 1138 1210 1168 et
1224 1143 1323 1180 quae
1340 1138 1395 1168 ter
1411 1131 1528 1180 quina

132 1201 286 1232 notatur
304 1194 493 1232 Bentlez’us
511 1194 562 1231 Et
583 1201 691 1232 sexta
711 1202 748 1232 et
769 1195 918 1232 decima
938 1203 1052 1245 atque
1073 1205 1212 1245 quater
1231 1208 1330 1246 quae
1351 1196 1470 1245 quina
1490 1208 1526 1231 n.

132 1259 290 1297 Iacobus
308 1260 360 1297 Et
379 1267 485 1298 sexta
505 1267 542 1297 et
561 1259 711 1297 decima
731 1267 768 1297 et
794 1272 893 1310 quae
920 1273 1009 1310 pars
1036 1267 1091 1298 ter
1117 1262 1235 1311 quina
1261 1273 1297 1299 n.
1319 1261 1525 1299 Breilerus.

131 1326 196 1362 An
216 1326 268 1363 Et
288 1338 316 1364 s.
338 1332 375 1363 et
394 1325 430 1363 d.
451 1332 488 1363 et
508 1332 642 1375 quater
660 1325 749 1362 hinc
770 1338 868 1375 quae
889 1326 1027 1376 quinta
1047 1327 1113 1364 n.?

187 1390 362 1441 Plerique
395 1391 586 1440 corruptis
621 1391 746 1428 uerbis
779 1403 877 1440 quae
908 1392 1023 1429 obelo
1057 1392 1208 1441 signaui
1238 1403 1443 1430 numerum
1476 1403 1524 1439 15

131 1457 288 1494 subesse
319 1456 570 1494 crediderunt.
627 1456 679 1493 At
711 1468 800 1493 cum
833 1469 998 1506 sequens
1033 1456 1143 1509 (479)
1177 1470 1358 1495 numerus
1396 1471 1441 1494 22
1480 1458 1527 1494 sit

133 1521 372 1572 (undecimam
387 1521 600 1572 geminans)
620 1528 746 1570 potest
766 1521 826 1559 hic
853 1522 968 1560 latere
997 1534 1179 1561 numerus
1201 1524 1264 1572 qui
1293 1523 1389 1560 infra
1419 1523 1524 1560 hune

131 1588 188 1633 sit,
209 1587 328 1625 ueluti
350 1600 400 1624 20
420 1587 566 1636 (quater
583 1585 763 1636 quinque)
778 1599 788 1632 ;
818 1599 890 1625 nec
906 1587 1004 1625 male
1025 1588 1078 1626 sic
1099 1588 1310 1637 explicatur
1325 1588 1526 1625 diuersitas

131 1653 321 1690 codicum.
363 1652 439 1690 Sed
453 1657 560 1700 alque
572 1652 737 1689 Iacobus
757 1664 837 1689 non
858 1653 957 1690 bene
978 1653 1195 1699 inuehebat‚
1210 1665 1288 1702 quo
1310 1653 1526 1702 languescit

129 1717 349 1767 rhythmus:
376 1718 620 1768 praetulerim
639 1722 673 1754 et
689 1722 818 1766 quater
837 1718 922 1754 lu'nc
940 1731 1032 1766 quae
1050 1721 1190 1767 qzce'nla,
1204 1726 1244 1755 ut
1264 1720 1350 1755 hinc
1372 1719 1418 1756 sit
1439 1726 1525 1768 post

130 1783 331 1821 decimam.

183 1857 252 1897 IV.
275 1859 365 1904 486,
388 1860 464 1905 487
489 1858 542 1895 sic
563 1864 651 1895 sunt
675 1857 713 1894 in
736 1856 889 1895 Gembl.

291 1923 376 1961 Nec
405 1935 493 1972 pars
522 1923 694 1971 optanda
721 1930 778 1960 est
808 1922 1034 1972 Capricorni
1064 1924 1227 1972 septima
1255 1936 1383 1961 nonae

291 1988 494 2027 Consentit
523 1988 804 2038 decumamque
834 2001 1000 2039 sequens
1029 2001 1146 2039 quam
1178 1990 1286 2027 tertia
1316 1990 1442 2039 signat

129 2078 234 2104 nona
253 2065 442 2103 Bentlez‘us
499 2078 624 2103 nonae
646 2067 744 2103 codd.
766 2079 894 2103 omnes.

183 2132 338 2169 Frustra
375 2131 572 2169 Bentleius
607 2132 799 2180 ingratam
832 2132 1027 2179 παρὴχησιν
1059 2133 1186 2170 uersui
1226 2132 1352 2170 intulit
1386 2139 1523 2169 contra

128 2197 292 2235 codices.
362 2196 467 2234 Nam
501 2209 590 2234 cum
624 2204 751 2246 partes
786 2206 818 2245 7,
851 2210 886 2244 9,
922 2210 968 2246 13
999 2198 1139 2246 pariter
1172 2210 1309 2235 omnes
1339 2205 1519 2243 noceant,

129 2262 221 2310 quid
241 2261 352 2299 refert
375 2263 560 2311 septimae
581 2273 696 2307 nona,
719 2274 768 2299 an
788 2274 914 2300 nonae
935 2263 1097 2312 septima
1112 2264 1326 2300 consentire
1348 2263 1522 2300 dicatur?

129 2327 264 2364 Vnum
282 2327 565 2376 respiciendum
585 2334 665 2364 erat
685 2339 733 2364 ne
754 2339 887 2364 uersus
909 2340 1021 2377 asper
1040 2329 1232 2366 euaderet.

183 2404 253 2441 IV.
276 2406 363 2451 518,
387 2413 463 2452 519
485 2404 539 2441 sic
561 2410 693 2441 extant
713 2404 753 2440 in
774 2403 928 2441 Gembl.

291 2470 343 2506 At
372 2481 470 2518 quos
498 2470 621 2519 prima
650 2475 780 2506 creant
809 2470 1001 2507 nascentis
1031 2470 1168 2519 sydera
1197 2470 1293 2507 tauri

292 2534 474 2573 Feminea
504 2536 656 2583 iacesss'
684 2547 755 2572 nec
786 2534 900 2583 longe
930 2548 1045 2573 causa
1074 2535 1239 2585 petenda
1269 2542 1334 2572 est.

789 2613 813 2637 K
838 2614 855 2637 2
