1786 2878
244 150 257 177 1
271 136 324 177 80
655 144 852 177 NOCTES
880 143 1211 176 ΜΑΛἨᾸΑΛἎΕ

294 250 342 287 V.
364 263 454 300 319,
478 263 555 299 320
577 250 632 288 sic
653 257 781 288 extant
804 251 842 288 in
864 249 1018 288 Gembl.

402 315 495 353 Non
525 316 604 354 ullo
633 328 764 353 curam
795 316 915 365 digito
944 316 1010 366 qui
1039 315 1176 354 iuuerit
1204 314 1336 353 hastae

401 381 652 431 Defueritque
682 381 794 419 bonis
823 387 959 419 sector.

294 470 370 507 319
402 458 466 496 illo
495 470 627 496 coram
662 457 877 496 Gronouius
906 458 961 495 ad
983 456 1079 495 Stat.
1102 456 1199 495 Sz'lu.
1216 464 1259 506 p.
1281 459 1358 503 408
1389 454 1508 505 digito
1536 455 1633 494 codd.

238 524 304 574 qui
334 523 472 561 iuuerit
500 523 610 561 Voss.¹
636 522 723 561 Cus.
744 535 818 573 que
848 523 1010 573 quiuerit
1039 523 1094 561 bo
1122 523 1230 560 hasta
1260 522 1372 560 Voss.¹
1392 521 1540 559 hastam
1569 522 1635 560 bo.

238 588 332 626 Non
370 589 435 627 illo
466 601 597 626 coram
633 589 772 638 digitos
803 589 1032 639 quaesiuerit
1061 588 1171 626 hasta
1203 586 1402 625 Bentleius.
1457 586 1637 623 Fortasse

238 654 400 704 digitum
421 654 668 704 inquisiuerit.

295 719 522 757 Rectissime
559 719 784 758 Gronouius
822 725 860 758 et
892 717 1087 757 Bentleius
1125 730 1281 756 uersum
1315 716 1362 755 de
1396 716 1636 755 auctionibus

238 785 473 834 interpretati
513 791 610 831 sunt,
647 791 684 822 et
721 784 783 822 hic
822 785 979 833 quidem
1017 784 1113 822 haec
1151 784 1342 821 adnotans
1378 786 1532 821 ‘coram
1570 782 1635 820 illo

237 862 453 900 numquam
488 850 597 887 hasta
631 850 793 888 caruerit
832 850 984 899 digitis:
1027 850 1137 887 hasta
1175 850 1279 887 enim
1318 849 1355 885 in
1394 848 1636 886 auctionibus

238 917 478 966 erigebatur3
521 922 558 954 et
597 915 804 953 licitatores
837 915 999 965 digitum
1035 915 1231 953 tollebant.
1290 913 1381 952 Mos
1414 914 1636 951 notissimus

239 982 378 1021 Cicero
403 994 417 1018 1
439 981 548 1019 Verr.
570 994 601 1019 c.
625 991 674 1029 54
697 980 733 1031 (ξ
758 981 849 1032 141)
878 986 1083 1019 accurrunt
1109 982 1162 1018 ad
1185 985 1322 1030 tempus
1350 985 1509 1017 tutores:
1538 980 1635 1028 dzgrz'-

237 1052 313 1085 lum
339 1048 436 1085 tollit
451 1046 588 1084 Iunius
607 1052 784 1097 patrum,
805 1054 843 1085 et
871 1047 961 1084 alibi
991 1059 1071 1084 non
1100 1046 1241 1084 semel.'
1298 1046 1406 1084 Verr.
1428 1046 1476 1083 iii.
1503 1058 1561 1082 11.
1586 1055 1633 1092 27

238 1117 364 1150 utrum
392 1116 446 1150 est
470 1114 654 1161 aequius?
681 1126 759 1150 eum
788 1113 857 1161 qui
881 1125 996 1150 manu
1027 1113 1224 1161 quaesierit
1245 1124 1294 1148 an
1320 1124 1398 1148 eum
1427 1112 1494 1160 qui
1518 1111 1636 1159 dzgzto

238 1179 362 1216 licitus
391 1180 443 1215 sit
464 1179 686 1227 possidere?
752 1177 857 1215 Paul.
888 1189 916 1215 s.
942 1189 977 1215 u.
1007 1176 1191 1226 Manceps
1220 1189 1256 1226 p.
1288 1186 1357 1224 151
1393 1176 1449 1214 M.
1476 1175 1528 1226 (p.
1562 1188 1634 1223 139

238 1256 317 1281 von
343 1243 492 1295 Ponor)
519 1243 703 1292 lilanceps
727 1244 864 1280 dicitur
890 1244 959 1292 qui
979 1243 1073 1292 quid
1095 1257 1118 1280 a
1137 1243 1274 1292 populo
1302 1242 1390 1279 emit
1413 1242 1634 1286 conducam,

237 1311 327 1359 quia
347 1323 458 1347 manu
478 1309 624 1346 sublata
644 1309 838 1359 significat
853 1323 888 1346 se
907 1313 1089 1346 auclorcm
1111 1309 1298 1357 emptionis
1316 1320 1399 1346 esse.

293 1374 427 1412 Vnum
457 1381 514 1412 est
542 1375 581 1411 in
611 1386 690 1423 quo
720 1374 900 1412 haereas:
937 1374 1093 1412 codices
1121 1373 1225 1410 enirn
1258 1378 1478 1411 constanter
1508 1372 1634 1422 digito,

237 1453 318 1479 non
347 1441 492 1490 digitos,
521 1445 603 1477 tum
633 1441 700 1488 qui
731 1441 872 1477 iuuerit
901 1439 961 1477 uel
995 1452 1062 1489 que
1089 1440 1262 1488 quiuerit.
1319 1437 1410 1476 Hoc
1441 1437 1558 1476 credo
1587 1449 1636 1474 ex

491 1506 601 1554 inqui

464 1572 595 1620 z'nquae

237 1635 346 1672 uerbi
368 1635 532 1673 formam
559 1636 662 1674 ducit
688 1635 726 1673 in
755 1646 831 1684 qua
855 1639 1060 1682 utrumque
1087 1631 1201 1670 scribi
1225 1631 1400 1681 potuerit,
1422 1630 1457 1668 h.
1473 1643 1505 1668 e.
1527 1642 1636 1668 com-

237 1701 405 1749 positum
420 1701 533 1751 quale
553 1708 610 1739 est
631 1700 870 1750 inquae'siuerit
889 1699 967 1737 siue
988 1698 1260 1747 inquaesiuerz'l.
1315 1696 1517 1734 Praeterea
1537 1696 1635 1744 digri-

237 1769 314 1803 tum
353 1767 486 1812 tollere,
522 1780 602 1805 non
640 1768 776 1815 degrz'tos
812 1764 1008 1802 licitatoris
1046 1763 1164 1801 fuisse
1203 1768 1387 1800 testantur
1425 1761 1499 1800 loci
1538 1773 1636 1811 quos

238 1844 354 1881 supra
375 1833 591 1870 citauimus.

292 1896 341 1935 V.
364 1910 551 1946 322-324
583 1898 637 1936 sie
659 1902 788 1935 extant
809 1896 847 1932 in
869 1893 1024 1932 Gembl.

767 1972 839 1998 nee
869 1972 949 1997 non
978 1959 1127 1997 lasciuit
1155 1958 1293 1996 amaris

401 2028 449 2065 In
477 2028 606 2066 uarios
636 2026 821 2077 ponitque
851 2025 978 2063 forum
1009 2037 1077 2062 sua
1106 2024 1248 2073 detque
1277 2023 1351 2061 lieo

402 2093 553 2131 Nobilis
582 2093 621 2130 in
650 2092 766 2130 saltus
795 2098 832 2130 et
861 2103 951 2129 seue
980 2090 1129 2128 mollior
1157 2096 1237 2127 arte

236 1535 395 1584 digitum
426 1505 446 1608 {
610 1505 633 1610 }
661 1535 793 1573 siuerit
812 1542 939 1572 ortum
964 1532 1090 1570 fuisse.
1138 1531 1243 1570 Nam
1272 1530 1363 1569 illud
1388 1532 1464 1580 qui,
1490 1544 1558 1580 que
1585 1530 1637 1568 ad

241 2184 315 2220 322
349 2170 488 2208 amaris
517 2171 617 2206 codd.
645 2182 715 2206 non
746 2168 957 2217 intcipolati
983 2179 1136 2204 amores
1164 2166 1184 2203 b
1204 2178 1233 2203 0.
1274 2177 1350 2213 323
1380 2163 1587 2214 madetque
1617 2177 1636 2201 ο

239 2237 368 2274 madet
395 2242 509 2285 atque
536 2235 557 2272 b
583 2234 816 2283 mandetque
845 2232 1080 2279 Bonincont.‚
1101 2244 1188 2268 num
1215 2230 1498 2279 mandrasque?
1557 2242 1633 2277 324

1519 2293 1572 2325 uel
1590 2293 1636 2324 ire

239 2343 394 2382 Nobilis
422 2343 511 2382 Cus.
542 2342 714 2380 Vossz'ani
740 2340 898 2379 Mobilis
926 2354 946 2378 0
973 2353 1112 2380 scenae
1142 2337 1251 2378 Voss}
1281 2341 1314 2375 et
1339 2338 1502 2388 plerique
1530 2345 1635 2376 artae

238 2410 345 2459 Lips.
367 2415 467 2447 artor
497 2409 610 2447 Voss.²
629 2407 705 2446 irae
736 2405 956 2456 Voss.¹s0rt.
977 2419 1054 2444 ore.

296 2474 418 2512 Miror
438 2474 551 2512 etiarn
573 2472 936 2522 Bentleiumsorum
958 2471 1018 2509 hic
1039 2483 1099 2509 res
1122 2470 1305 2516 forenses,
1328 2475 1368 2506 ut
1394 2468 1523 2506 uerbis
1549 2474 1634 2506 utar

241 2539 346 2590 Fayi,
369 2541 669 2591 interpretatum,
687 2550 782 2589 quas
792 2539 904 2588 ponit
922 2537 1000 2575 siue
1022 2536 1159 2575 deserit
1179 2535 1243 2586 qui
1264 2535 1336 2573 sub
1359 2533 1502 2584 Sagitta
1523 2541 1634 2572 natus
