1786 2878
839 134 896 165 [V
1467 140 1547 181 149

155 242 261 280 istius
281 241 446 291 regionis
459 255 468 288 ;
502 241 574 279 nisi
601 241 662 279 cui
687 241 833 291 placeat
857 242 1024 290 Cyrenas
1044 242 1307 280 accusatiuum
1328 242 1463 288 facere,
1485 245 1546 281 cui

154 307 344 345 uocabulo
364 320 430 356 per
449 308 730 356 appositionem
751 307 967 343 subnexum
988 307 1035 344 sit
1055 319 1151 344 rura
1171 308 1304 344 donata
1325 309 1503 345 lacrimis.

208 371 412 419 Breiterus,
432 372 537 423 quod
557 372 646 410 satis
666 372 792 409 mirari
813 383 975 420 nequeo,
998 379 1208 422 postquam
1220 374 1354 410 donala
1375 386 1473 411 rura
1494 386 1542 411 ex

152 438 292 474 eodem
312 438 466 475 Pindari
486 438 572 475 loco
592 437 791 475 illustrauit
811 448 927 486 quem
946 449 1020 486 ego
1041 437 1263 485 adtuleram,
1287 450 1378 485 non,
1397 446 1435 476 ut
1456 452 1542 488 ego,

156 502 316 551 Cyrenes
349 504 521 540 lacrimis
554 502 600 540 de
626 502 767 540 amissa
791 502 1007 551 uirginitate
1037 503 1306 552 interpretatus
1336 510 1401 550 est,
1425 516 1543 553 quarn

151 567 294 616 Apollo
314 568 418 606 dono
442 580 669 617 camporum
689 567 831 604 solatus
861 567 918 613 sit,
940 567 1017 613 sed,
1040 574 1081 605 ut
1105 568 1372 617 Rossbergius,
1397 569 1442 605 de
1471 570 1544 617 ὀπῷ

152 636 346 682 Κυρηναικῷ
366 634 444 671 siue
467 633 620 670 lacrima
643 632 852 681 Cyrenaica
870 645 878 669 :
909 645 1010 669 arces
1038 639 1164 670 autem
1185 634 1223 670 in
1243 635 1362 671 armis
1382 634 1542 679 refinxit,

150 695 274 733 Eruit
307 698 356 735 ad
386 705 574 735 armatam
611 697 774 735 caudam
819 696 967 746 Scorpii
1009 697 1159 744 rettulit,
1195 711 1271 748 qua
1314 699 1344 736 is
1385 700 1541 736 rimetur

148 767 267 799 terras
289 760 374 813 (IV.
397 761 609 814 217-219).

202 827 301 876 Ego,
322 828 427 877 quod
455 840 558 865 anno
587 826 779 876 superiore
808 827 1045 876 scripseram,
1068 829 1240 866 nondum
1266 828 1371 867 lectis
1402 829 1540 867 horum

149 891 485 939 dissertationibus,
499 905 547 930 ne
561 905 664 930 nunc
677 893 834 942 quidem
848 893 984 939 abicio,
998 901 1034 931 et
1052 894 1104 931 sic
1122 907 1277 931 censeo:
1304 894 1361 945 (Ι)
1380 895 1540 941 Cyrenes

147 959 325 1005 lacrimis,
352 959 390 996 id
417 959 521 1008 quod
550 971 686 996 omnes
712 958 970 996 diuinauimus
994 960 1239 997 scribendum
1266 973 1361 1006 esse,
1385 959 1442 1011 (2)
1470 961 1540 999 has

148 1024 325 1061 lacrimas
358 1024 404 1062 de
438 1024 569 1062 dolore
600 1023 770 1073 Cyrenes
800 1024 849 1060 ab
878 1024 1057 1073 Apolline
1087 1037 1330 1074 compressae
1361 1026 1445 1071 dici,
1479 1026 1537 1077 (3)

148 1090 319 1126 radiatus
333 1102 437 1126 arces
454 1089 492 1126 in
508 1088 674 1126 radial0¹
691 1101 784 1125 arcu
799 1089 1070 1137 corrigendum
1086 1102 1179 1128 esse.
1233 1089 1335 1127 Nam
1352 1091 1391 1127 in
1405 1091 1441 1126 V
1445 1090 1538 1129 oss.2

148 1155 278 1191 radiat
288 1167 366 1192 non
378 1156 552 1191 radiatus
565 1160 762 1191 exaratum
775 1160 841 1190 est.
878 1153 953 1191 Sed
966 1167 1058 1191 arcu
1071 1155 1119 1191 ad
1132 1155 1295 1193 caudam
1310 1156 1441 1201 refero,
1457 1169 1536 1194 non

146 1220 195 1257 ad
211 1220 347 1266 chelas,
365 1221 543 1270 quamuis
560 1219 722 1257 Ouidius
743 1219 876 1256 dixerit
895 1218 951 1256 M.
966 1219 1003 1257 ii.
1022 1230 1094 1268 195
1109 1219 1185 1257 Est
1202 1222 1300 1258 lacus
1320 1223 1359 1258 in
1373 1224 1538 1270 genubzos

146 1285 214 1322 ubi
231 1286 387 1323 brachia
410 1289 586 1323 concaual
608 1298 721 1322 arcus
748 1283 918 1333 Scorpios
944 1289 978 1321 el
1003 1287 1120 1322 cauda
1137 1286 1327 1335 flexisque
1355 1289 1538 1336 ulrimque

144 1352 295 1388 lacertis
314 1352 493 1400 Porrigit
509 1352 547 1387 z'n
567 1352 724 1399 spatium
745 1351 933 1399 signorum
955 1351 1114 1387 membra
1135 1352 1301 1390 duorum.
1339 1350 1398 1403 (4)
1418 1352 1541 1389 Eruil

144 1417 321 1465 quamuis
352 1417 441 1454 satis
471 1423 557 1466 apte
587 1416 778 1454 Breiterus
813 1415 1014 1464 explicarit
1048 1416 1095 1453 de
1128 1417 1266 1466 scorpii
1302 1418 1437 1464 cauda,
1469 1419 1534 1455 uix

145 1482 281 1520 idonee
308 1482 440 1520 dicitur
461 1481 508 1520 de
536 1482 774 1530 Carthaginis
799 1482 949 1518 arcibus
978 1481 1013 1519 h.
1040 1494 1072 1519 e.
1100 1483 1231 1528 muris,
1262 1495 1349 1520 cum
1377 1483 1425 1520 ad
1455 1484 1536 1521 sola

143 1552 291 1582 tantum
311 1552 429 1582 terrae
456 1545 781 1590 accommodetur,
807 1556 905 1593 quae
932 1543 991 1581 ille
1018 1545 1145 1581 rimari
1175 1551 1211 1582 et
1240 1545 1531 1594 quodammodo

143 1623 275 1648 eruere
294 1611 477 1660 potuerit:
512 1610 638 1660 itaque
665 1611 772 1647 exat?
790 1621 947 1658 repono,
970 1622 1059 1647 curn
1080 1616 1115 1647 et
1137 1609 1332 1659 Carthago
1352 1618 1388 1648 et
1410 1609 1532 1659 Libya

142 1682 180 1713 et
194 1676 359 1726 Aegypti
380 1676 476 1713 latus
496 1682 532 1714 et
556 1675 793 1726 Cyrenarum
812 1675 917 1724 regio
933 1676 1071 1723 pariter
1085 1687 1221 1713 omnes
1237 1688 1374 1713 exuere
1391 1688 1431 1713 se
1447 1689 1534 1713 ues—

142 1742 241 1778 tibus
262 1749 448 1790 cogantur
467 1749 622 1791 propter
642 1741 782 1778 nimios
803 1741 949 1779 calores
976 1741 1131 1790 Scorpii.
1191 1741 1308 1778 Simili
1338 1754 1409 1778 usu
1440 1742 1533 1779 dixit

144 1806 329 1845 Martialis
349 1808 421 1844 xiv.
447 1820 519 1855 109
542 1807 588 1844 de
612 1807 729 1845 calice
749 1819 922 1856 gemmas
950 1807 1114 1845 habente
1136 1819 1234 1856 quae
1255 1807 1382 1844 multis
1403 1807 1531 1856 digitis

141 1873 229 1910 exui
250 1879 436 1922 poterant,
456 1878 542 1922 quot
558 1874 689 1921 dzgrstos
707 1874 815 1910 exuit
831 1874 895 1909 isle
909 1874 1016 1910 calix
1034 1873 1049 1910 Ι
1097 1872 1229 1922 Itaque
1243 1879 1344 1911 totus
1361 1873 1466 1911 locus
1480 1874 1533 1910 sic

141 1939 268 1977 euadit

303 2004 464 2042 Inferius
493 2004 616 2041 uictae
646 2004 750 2041 sidus
780 2003 1023 2052 Carthaginis
1053 2015 1161 2041 arces

303 2068 353 2107 Et
382 2069 544 2120 Libyam
573 2070 815 2119 Aegyptique
844 2070 939 2106 latus
970 2069 1187 2118 donataque
1217 2082 1303 2107 rura

304 2136 474 2184 Cyrenes
504 2135 666 2173 lacrimis
696 2135 841 2172 radiato
873 2134 1056 2184 Scorpius
1086 2146 1178 2172 arcu

301 2197 448 2252 Exuit]

183 2275 192 2292 ¹
217 2276 352 2307 Dixerat
364 2277 485 2308 Aratus
498 2276 616 2307 Phaen.
632 2285 693 2316 402
710 2275 757 2306 ὑπ’
767 2274 920 2314 αἰθομένῳ
936 2274 1056 2316 κέντρῳ
1071 2274 1180 2315 τέραος
1191 2274 1349 2314 μεγάλοιο
1365 2274 1528 2314 Σκορπίου,

140 2320 196 2350 ubi
213 2319 388 2351 scholiasta
403 2320 483 2351 haee
499 2321 678 2351 adnotauit.
695 2318 857 2358 αἰθομένῳ·
874 2318 1016 2359 λαμπρῷ.
1032 2319 1244 2358 λαμπρότεροι
1261 2318 1322 2357 ’γάρ
1341 2319 1420 2348 εἰσιν
1436 2319 1463 2348 οἱ
1477 2319 1528 2349 ἐπὶ

140 2363 197 2393 τοῦ
213 2361 345 2402 κέντρου
360 2362 547 2401 ἐπικείμενοι
565 2362 703 2402 ἀστέρες.
747 2364 784 2393 In
797 2363 898 2403 signis
915 2362 1047 2394 Zodiaci
1061 2363 1171 2404 qualia
1187 2363 1275 2403 apud
1292 2362 1471 2393 Bentleium
1488 2374 1527 2393 ex

141 2406 336 2438 Farnesiana
362 2407 475 2438 tabula
502 2407 678 2447 figurantur
708 2417 790 2437 unus
814 2412 861 2437 est
889 2407 988 2437 Canis
1011 2406 1066 2447 qui
1092 2407 1235 2436 radiatus
1266 2406 1328 2436 dici
1362 2407 1504 2446 potuerit
1519 2417 1526 2437 :

139 2449 234 2481 huius
257 2449 343 2480 enim
359 2461 397 2480 ex
413 2450 519 2491 capite
534 2455 687 2491 quattuor
704 2455 836 2490 surgunt
850 2450 1027 2480 acuminati
1044 2449 1135 2480 radii.
1170 2450 1275 2480 Elian]
1295 2450 1326 2479 in
1346 2449 1526 2480 Harleiano

139 2493 251 2524 codice
264 2492 326 2533 647
338 2494 533 2524 Arateorum
547 2494 721 2533 Ciceronis,
735 2493 789 2525 ubi
803 2493 883 2524 inter
895 2493 957 2524 alia
970 2493 1062 2534 signa
1074 2493 1173 2524 Sirim
1184 2493 1289 2534 pictus
1300 2497 1357 2528 est,
1369 2504 1406 2524 ex
1420 2493 1526 2534 eapite

138 2537 206 2568 eius
222 2541 356 2577 surgunt
374 2537 498 2568 miniati
516 2537 607 2568 radii.
