<?xml version="1.0" encoding="UTF-8"?>
<!DOCTYPE html PUBLIC "-//W3C//DTD XHTML 1.0 Transitional//EN"
    "http://www.w3.org/TR/xhtml1/DTD/xhtml1-transitional.dtd">
<html xmlns="http://www.w3.org/1999/xhtml" xml:lang="en" lang="en">
 <head>
  <title>
</title>
<meta http-equiv="Content-Type" content="text/html;charset=utf-8" />
  <meta name='ocr-system' content='tesseract 3.04.00' />
  <meta name='ocr-capabilities' content='ocr_page ocr_carea ocr_par ocr_line ocrx_word'/>
</head>
<body>
  <div class='ocr_page' id='page_1' title='image "./noctesmanilianae00elliuoft_0136.png"; bbox 0 0 1786 2878; ppageno 0'>
   <div class='ocr_carea' id='block_1_1' title="bbox 225 147 1191 186">
    <p class='ocr_par' dir='ltr' id='par_1_1' title="bbox 225 147 1191 186">
     <span class='ocr_line' id='line_1_1' title="bbox 225 147 1191 186; baseline -0.003 0"><span class='ocrx_word' id='word_1_1' title='bbox 225 147 303 186; x_wconf 83' lang='lat'>116</span> <span class='ocrx_word' id='word_1_2' title='bbox 638 153 833 185; x_wconf 76' lang='lat' dir='ltr'>NocrEs</span> <span class='ocrx_word' id='word_1_3' title='bbox 861 153 934 184; x_wconf 83' lang='lat' dir='ltr'>MA</span> <span class='ocrx_word' id='word_1_4' title='bbox 941 153 1078 184; x_wconf 75' lang='lat' dir='ltr'><em>NJLJA</em></span> <span class='ocrx_word' id='word_1_5' title='bbox 1086 153 1191 183; x_wconf 70' lang='grc' dir='ltr'>ΝΑΕ</span> 
     </span>
    </p>
   </div>
   <div class='ocr_carea' id='block_1_2' title="bbox 220 255 1625 1147">
    <p class='ocr_par' dir='ltr' id='par_1_2' title="bbox 222 255 1618 440">
     <span class='ocr_line' id='line_1_2' title="bbox 222 255 1617 307; baseline -0.004 -10"><span class='ocrx_word' id='word_1_6' title='bbox 222 271 364 297; x_wconf 81' lang='lat' dir='ltr'>cornus</span> <span class='ocrx_word' id='word_1_7' title='bbox 386 271 489 296; x_wconf 91' lang='lat' dir='ltr'>nunc</span> <span class='ocrx_word' id='word_1_8' title='bbox 507 259 603 296; x_wconf 87' lang='lat' dir='ltr'>lucis</span> <span class='ocrx_word' id='word_1_9' title='bbox 619 259 819 307; x_wconf 82' lang='lat' dir='ltr'>dispendia</span> <span class='ocrx_word' id='word_1_10' title='bbox 839 258 1079 307; x_wconf 80' lang='lat' dir='ltr'>recolligens,</span> <span class='ocrx_word' id='word_1_11' title='bbox 1095 270 1196 295; x_wconf 88' lang='lat' dir='ltr'>nunc</span> <span class='ocrx_word' id='word_1_12' title='bbox 1218 257 1275 294; x_wconf 91' lang='lat' dir='ltr'>his</span> <span class='ocrx_word' id='word_1_13' title='bbox 1296 257 1388 306; x_wconf 86' lang='lat' dir='ltr'>ipsis</span> <span class='ocrx_word' id='word_1_14' title='bbox 1409 255 1617 306; x_wconf 85' lang='lat' dir='ltr'>dispendiis</span> 
     </span>
     <span class='ocr_line' id='line_1_3' title="bbox 223 324 1216 373; baseline -0.002 -11"><span class='ocrx_word' id='word_1_15' title='bbox 223 334 335 364; x_wconf 87' lang='lat' dir='ltr'>utens</span> <span class='ocrx_word' id='word_1_16' title='bbox 356 325 403 362; x_wconf 89' lang='lat' dir='ltr'>ad</span> <span class='ocrx_word' id='word_1_17' title='bbox 425 324 675 373; x_wconf 86' lang='lat' dir='ltr'>producenda</span> <span class='ocrx_word' id='word_1_18' title='bbox 696 325 745 361; x_wconf 90' lang='lat' dir='ltr'>ab</span> <span class='ocrx_word' id='word_1_19' title='bbox 766 324 882 361; x_wconf 84' lang='lat' dir='ltr'>altera</span> <span class='ocrx_word' id='word_1_20' title='bbox 902 331 1008 373; x_wconf 85' lang='lat' dir='ltr'>parte</span> <span class='ocrx_word' id='word_1_21' title='bbox 1029 331 1216 372; x_wconf 84' lang='lat' dir='ltr'>tempora.</span> 
     </span>
     <span class='ocr_line' id='line_1_4' title="bbox 278 389 1618 440; baseline -0.002 -14"><span class='ocrx_word' id='word_1_22' title='bbox 278 390 424 428; x_wconf 79' lang='lat' dir='ltr'>Vltimo</span> <span class='ocrx_word' id='word_1_23' title='bbox 455 402 567 427; x_wconf 89' lang='lat' dir='ltr'>uersu</span> <span class='ocrx_word' id='word_1_24' title='bbox 602 391 675 435; x_wconf 90' lang='lat'>641</span> <span class='ocrx_word' id='word_1_25' title='bbox 699 391 817 440; x_wconf 78' lang='lat' dir='ltr'>sugit</span> <span class='ocrx_word' id='word_1_26' title='bbox 842 402 889 427; x_wconf 83' lang='lat' dir='ltr'>ex</span> <span class='ocrx_word' id='word_1_27' title='bbox 907 390 1049 439; x_wconf 49' lang='lat' dir='ltr'>srzgreg</span> <span class='ocrx_word' id='word_1_28' title='bbox 1079 389 1153 427; x_wconf 92' lang='lat' dir='ltr'>hoc</span> <span class='ocrx_word' id='word_1_29' title='bbox 1188 401 1235 426; x_wconf 86' lang='lat' dir='ltr'>ex</span> <span class='ocrx_word' id='word_1_30' title='bbox 1270 389 1369 438; x_wconf 57' lang='lat' dir='ltr'>rzjget</span> <span class='ocrx_word' id='word_1_31' title='bbox 1397 393 1618 436; x_wconf 87' lang='lat' dir='ltr'>corruptum</span> 
     </span>
    </p>

    <p class='ocr_par' dir='ltr' id='par_1_3' title="bbox 220 454 1251 500">
     <span class='ocr_line' id='line_1_5' title="bbox 220 454 1251 500; baseline -0.002 -7"><span class='ocrx_word' id='word_1_32' title='bbox 220 456 380 493; x_wconf 84' lang='lat' dir='ltr'>uidetur.</span> <span class='ocrx_word' id='word_1_33' title='bbox 437 454 586 492; x_wconf 90' lang='lat' dir='ltr'>Totum</span> <span class='ocrx_word' id='word_1_34' title='bbox 607 455 735 492; x_wconf 90' lang='lat' dir='ltr'>locum</span> <span class='ocrx_word' id='word_1_35' title='bbox 755 455 808 492; x_wconf 88' lang='lat' dir='ltr'>sic</span> <span class='ocrx_word' id='word_1_36' title='bbox 829 455 1075 492; x_wconf 89' lang='lat' dir='ltr'>scribendum</span> <span class='ocrx_word' id='word_1_37' title='bbox 1097 466 1251 500; x_wconf 88' lang='lat' dir='ltr'>censeo,</span> 
     </span>
    </p>

    <p class='ocr_par' dir='ltr' id='par_1_4' title="bbox 389 518 1480 569">
     <span class='ocr_line' id='line_1_6' title="bbox 389 518 1480 569; baseline -0.003 -13"><span class='ocrx_word' id='word_1_38' title='bbox 389 521 541 557; x_wconf 87' lang='lat' dir='ltr'>Partem</span> <span class='ocrx_word' id='word_1_39' title='bbox 570 532 617 556; x_wconf 84' lang='lat' dir='ltr'>ex</span> <span class='ocrx_word' id='word_1_40' title='bbox 647 520 811 557; x_wconf 88' lang='lat' dir='ltr'>aduerso</span> <span class='ocrx_word' id='word_1_41' title='bbox 840 521 999 558; x_wconf 86' lang='lat' dir='ltr'>brumae</span> <span class='ocrx_word' id='word_1_42' title='bbox 1030 519 1289 569; x_wconf 82' lang='lat' dir='ltr'>Capricornus</span> <span class='ocrx_word' id='word_1_43' title='bbox 1318 518 1480 555; x_wconf 89' lang='lat' dir='ltr'>inertem</span> 
     </span>
    </p>

    <p class='ocr_par' dir='ltr' id='par_1_5' title="bbox 391 585 1356 635">
     <span class='ocr_line' id='line_1_7' title="bbox 391 585 1356 635; baseline -0.002 -13"><span class='ocrx_word' id='word_1_44' title='bbox 391 585 465 622; x_wconf 88' lang='lat' dir='ltr'>Per</span> <span class='ocrx_word' id='word_1_45' title='bbox 493 585 673 622; x_wconf 84' lang='lat' dir='ltr'>minimas</span> <span class='ocrx_word' id='word_1_46' title='bbox 704 585 807 635; x_wconf 82' lang='lat' dir='ltr'>cogit</span> <span class='ocrx_word' id='word_1_47' title='bbox 836 585 940 622; x_wconf 86' lang='lat' dir='ltr'>luces</span> <span class='ocrx_word' id='word_1_48' title='bbox 971 591 1008 623; x_wconf 91' lang='lat' dir='ltr'>et</span> <span class='ocrx_word' id='word_1_49' title='bbox 1036 585 1206 622; x_wconf 85' lang='lat' dir='ltr'>maxima</span> <span class='ocrx_word' id='word_1_50' title='bbox 1235 585 1356 622; x_wconf 80' lang='lat' dir='ltr'>noctis</span> 
     </span>
    </p>

    <p class='ocr_par' dir='ltr' id='par_1_6' title="bbox 391 648 1499 700">
     <span class='ocr_line' id='line_1_8' title="bbox 391 648 1499 700; baseline -0.002 -13"><span class='ocrx_word' id='word_1_51' title='bbox 391 650 603 700; x_wconf 80' lang='lat' dir='ltr'>Tempora,</span> <span class='ocrx_word' id='word_1_52' title='bbox 636 651 889 700; x_wconf 85' lang='lat' dir='ltr'>producitque</span> <span class='ocrx_word' id='word_1_53' title='bbox 920 651 1021 688; x_wconf 82' lang='lat' dir='ltr'>diem</span> <span class='ocrx_word' id='word_1_54' title='bbox 1051 651 1306 699; x_wconf 83' lang='lat' dir='ltr'>tenebrasque</span> <span class='ocrx_word' id='word_1_55' title='bbox 1336 648 1499 686; x_wconf 80' lang='lat' dir='ltr'>resoluit.</span> 
     </span>
    </p>

    <p class='ocr_par' dir='ltr' id='par_1_7' title="bbox 391 711 1622 766">
     <span class='ocr_line' id='line_1_9' title="bbox 391 711 1622 766; baseline -0.004 -13"><span class='ocrx_word' id='word_1_56' title='bbox 391 717 515 766; x_wconf 86' lang='lat' dir='ltr'>Inque</span> <span class='ocrx_word' id='word_1_57' title='bbox 544 716 671 754; x_wconf 88' lang='lat' dir='ltr'>uicem</span> <span class='ocrx_word' id='word_1_58' title='bbox 701 728 804 754; x_wconf 90' lang='lat' dir='ltr'>nunc</span> <span class='ocrx_word' id='word_1_59' title='bbox 833 716 976 754; x_wconf 87' lang='lat' dir='ltr'>damna</span> <span class='ocrx_word' id='word_1_60' title='bbox 1005 716 1106 766; x_wconf 88' lang='lat' dir='ltr'>legit,</span> <span class='ocrx_word' id='word_1_61' title='bbox 1124 728 1227 754; x_wconf 89' lang='lat' dir='ltr'>nunc</span> <span class='ocrx_word' id='word_1_62' title='bbox 1258 722 1432 764; x_wconf 87' lang='lat' dir='ltr'>tempora</span> <span class='ocrx_word' id='word_1_63' title='bbox 1462 711 1622 762; x_wconf 88' lang='lat' dir='ltr'>supplet.</span> 
     </span>
    </p>

    <p class='ocr_par' dir='ltr' id='par_1_8' title="bbox 229 780 1625 1147">
     <span class='ocr_line' id='line_1_10' title="bbox 391 780 1624 831; baseline -0.004 -12"><span class='ocrx_word' id='word_1_64' title='bbox 391 781 508 819; x_wconf 92' lang='lat' dir='ltr'>Tunc</span> <span class='ocrx_word' id='word_1_65' title='bbox 539 781 637 830; x_wconf 87' lang='lat' dir='ltr'>riget</span> <span class='ocrx_word' id='word_1_66' title='bbox 666 782 794 819; x_wconf 90' lang='lat' dir='ltr'>omnis</span> <span class='ocrx_word' id='word_1_67' title='bbox 823 794 924 831; x_wconf 90' lang='lat' dir='ltr'>ager,</span> <span class='ocrx_word' id='word_1_68' title='bbox 949 781 1123 819; x_wconf 86' lang='lat' dir='ltr'>clausum</span> <span class='ocrx_word' id='word_1_69' title='bbox 1152 793 1268 826; x_wconf 88' lang='lat' dir='ltr'>mare,</span> <span class='ocrx_word' id='word_1_70' title='bbox 1298 780 1455 817; x_wconf 88' lang='lat' dir='ltr'>condita</span> <span class='ocrx_word' id='word_1_71' title='bbox 1489 785 1624 816; x_wconf 87' lang='lat' dir='ltr'>castra.</span> 
     </span>
     <span class='ocr_line' id='line_1_11' title="bbox 233 842 1624 897; baseline -0.006 -11"><span class='ocrx_word' id='word_1_72' title='bbox 233 847 446 897; x_wconf 88' lang='lat' dir='ltr'>‘Opposite</span> <span class='ocrx_word' id='word_1_73' title='bbox 482 845 539 896; x_wconf 84' lang='lat' dir='ltr'>(to</span> <span class='ocrx_word' id='word_1_74' title='bbox 575 844 742 897; x_wconf 83' lang='lat' dir='ltr'>Cancer)</span> <span class='ocrx_word' id='word_1_75' title='bbox 775 846 991 895; x_wconf 89' lang='lat' dir='ltr'>Capricorn</span> <span class='ocrx_word' id='word_1_76' title='bbox 1023 852 1215 884; x_wconf 86' lang='lat' dir='ltr'>contracts</span> <span class='ocrx_word' id='word_1_77' title='bbox 1247 842 1411 882; x_wconf 75' lang='lat' dir='ltr'>winter’s</span> <span class='ocrx_word' id='word_1_78' title='bbox 1450 842 1624 892; x_wconf 86' lang='lat' dir='ltr'>sluggish</span> 
     </span>
     <span class='ocr_line' id='line_1_12' title="bbox 229 908 1623 962; baseline -0.005 -11"><span class='ocrx_word' id='word_1_79' title='bbox 229 920 383 962; x_wconf 88' lang='lat' dir='ltr'>quarter</span> <span class='ocrx_word' id='word_1_80' title='bbox 402 913 454 962; x_wconf 91' lang='lat' dir='ltr'>by</span> <span class='ocrx_word' id='word_1_81' title='bbox 473 924 561 961; x_wconf 86' lang='lat' dir='ltr'>very</span> <span class='ocrx_word' id='word_1_82' title='bbox 583 911 690 948; x_wconf 84' lang='lat' dir='ltr'>short</span> <span class='ocrx_word' id='word_1_83' title='bbox 710 911 802 961; x_wconf 85' lang='lat' dir='ltr'>days</span> <span class='ocrx_word' id='word_1_84' title='bbox 823 911 898 949; x_wconf 91' lang='lat' dir='ltr'>and</span> <span class='ocrx_word' id='word_1_85' title='bbox 920 924 1007 960; x_wconf 89' lang='lat' dir='ltr'>very</span> <span class='ocrx_word' id='word_1_86' title='bbox 1027 911 1121 960; x_wconf 90' lang='lat' dir='ltr'>long</span> <span class='ocrx_word' id='word_1_87' title='bbox 1142 910 1282 960; x_wconf 88' lang='lat' dir='ltr'>nights‚</span> <span class='ocrx_word' id='word_1_88' title='bbox 1300 910 1376 947; x_wconf 87' lang='lat' dir='ltr'>and</span> <span class='ocrx_word' id='word_1_89' title='bbox 1397 909 1487 946; x_wconf 88' lang='lat' dir='ltr'>then</span> <span class='ocrx_word' id='word_1_90' title='bbox 1508 908 1623 957; x_wconf 87' lang='lat' dir='ltr'>again</span> 
     </span>
     <span class='ocr_line' id='line_1_13' title="bbox 229 973 1625 1028; baseline -0.004 -13"><span class='ocrx_word' id='word_1_91' title='bbox 229 978 416 1028; x_wconf 84' lang='lat' dir='ltr'>prolongs</span> <span class='ocrx_word' id='word_1_92' title='bbox 436 977 498 1014; x_wconf 89' lang='lat' dir='ltr'>the</span> <span class='ocrx_word' id='word_1_93' title='bbox 519 977 594 1026; x_wconf 87' lang='lat' dir='ltr'>day</span> <span class='ocrx_word' id='word_1_94' title='bbox 614 977 691 1014; x_wconf 89' lang='lat' dir='ltr'>and</span> <span class='ocrx_word' id='word_1_95' title='bbox 712 976 849 1014; x_wconf 83' lang='lat' dir='ltr'>breaks</span> <span class='ocrx_word' id='word_1_96' title='bbox 869 989 921 1026; x_wconf 88' lang='lat' dir='ltr'>up</span> <span class='ocrx_word' id='word_1_97' title='bbox 943 977 1004 1013; x_wconf 87' lang='lat' dir='ltr'>the</span> <span class='ocrx_word' id='word_1_98' title='bbox 1026 976 1223 1021; x_wconf 73' lang='lat' dir='ltr'>darkness,</span> <span class='ocrx_word' id='word_1_99' title='bbox 1238 975 1457 1024; x_wconf 79' lang='lat' dir='ltr'>alternately</span> <span class='ocrx_word' id='word_1_100' title='bbox 1472 973 1625 1024; x_wconf 86' lang='lat' dir='ltr'>gather-</span> 
     </span>
     <span class='ocr_line' id='line_1_14' title="bbox 230 1038 1625 1092; baseline -0.004 -11"><span class='ocrx_word' id='word_1_101' title='bbox 230 1045 297 1092; x_wconf 89' lang='lat' dir='ltr'>ing</span> <span class='ocrx_word' id='word_1_102' title='bbox 317 1044 355 1080; x_wconf 91' lang='lat' dir='ltr'>in</span> <span class='ocrx_word' id='word_1_103' title='bbox 380 1043 443 1080; x_wconf 90' lang='lat' dir='ltr'>the</span> <span class='ocrx_word' id='word_1_104' title='bbox 469 1042 545 1079; x_wconf 87' lang='lat' dir='ltr'>lost</span> <span class='ocrx_word' id='word_1_105' title='bbox 568 1049 748 1079; x_wconf 88' lang='lat' dir='ltr'>amounts</span> <span class='ocrx_word' id='word_1_106' title='bbox 773 1042 816 1080; x_wconf 87' lang='lat' dir='ltr'>of</span> <span class='ocrx_word' id='word_1_107' title='bbox 838 1041 942 1091; x_wconf 88' lang='lat' dir='ltr'>light,</span> <span class='ocrx_word' id='word_1_108' title='bbox 971 1041 1046 1079; x_wconf 91' lang='lat' dir='ltr'>and</span> <span class='ocrx_word' id='word_1_109' title='bbox 1073 1041 1232 1090; x_wconf 85' lang='lat' dir='ltr'>making</span> <span class='ocrx_word' id='word_1_110' title='bbox 1255 1053 1308 1091; x_wconf 88' lang='lat' dir='ltr'>up</span> <span class='ocrx_word' id='word_1_111' title='bbox 1337 1042 1385 1090; x_wconf 89' lang='lat' dir='ltr'>by</span> <span class='ocrx_word' id='word_1_112' title='bbox 1410 1040 1507 1077; x_wconf 90' lang='lat' dir='ltr'>their</span> <span class='ocrx_word' id='word_1_113' title='bbox 1535 1038 1625 1087; x_wconf 88' lang='lat' dir='ltr'>help</span> 
     </span>
     <span class='ocr_line' id='line_1_15' title="bbox 229 1106 761 1147; baseline -0.004 0"><span class='ocrx_word' id='word_1_114' title='bbox 229 1109 292 1147; x_wconf 88' lang='lat' dir='ltr'>the</span> <span class='ocrx_word' id='word_1_115' title='bbox 313 1108 569 1147; x_wconf 88' lang='lat' dir='ltr'>subtractions</span> <span class='ocrx_word' id='word_1_116' title='bbox 589 1106 634 1145; x_wconf 94' lang='lat' dir='ltr'>of</span> <span class='ocrx_word' id='word_1_117' title='bbox 648 1106 761 1145; x_wconf 89' lang='lat' dir='ltr'>time.’</span> 
     </span>
    </p>
   </div>
   <div class='ocr_carea' id='block_1_3' title="bbox 833 1367 1030 1406">
    <p class='ocr_par' dir='ltr' id='par_1_9' title="bbox 833 1367 1030 1406">
     <span class='ocr_line' id='line_1_16' title="bbox 833 1367 1030 1406; baseline -0.005 -1"><span class='ocrx_word' id='word_1_118' title='bbox 833 1367 932 1406; x_wconf 89' lang='lat' dir='ltr'>LIB.</span> <span class='ocrx_word' id='word_1_119' title='bbox 963 1368 1030 1406; x_wconf 84' lang='lat' dir='ltr'>IV.</span> 
     </span>
    </p>
   </div>
   <div class='ocr_carea' id='block_1_4' title="bbox 238 1492 1634 2583">
    <p class='ocr_par' dir='ltr' id='par_1_10' title="bbox 238 1492 1634 2583">
     <span class='ocr_line' id='line_1_17' title="bbox 290 1492 924 1542; baseline -0.003 -10"><span class='ocrx_word' id='word_1_120' title='bbox 290 1494 358 1532; x_wconf 91' lang='lat' dir='ltr'>IV.</span> <span class='ocrx_word' id='word_1_121' title='bbox 382 1504 513 1542; x_wconf 84' lang='lat'><strong>37-40</strong></span> <span class='ocrx_word' id='word_1_122' title='bbox 534 1494 586 1531; x_wconf 89' lang='lat' dir='ltr'>sic</span> <span class='ocrx_word' id='word_1_123' title='bbox 607 1500 695 1531; x_wconf 87' lang='lat' dir='ltr'>sunt</span> <span class='ocrx_word' id='word_1_124' title='bbox 713 1493 750 1530; x_wconf 91' lang='lat' dir='ltr'>in</span> <span class='ocrx_word' id='word_1_125' title='bbox 772 1492 924 1531; x_wconf 88' lang='lat' dir='ltr'>Gembl.</span> 
     </span>
     <span class='ocr_line' id='line_1_18' title="bbox 397 1558 1522 1608; baseline -0.001 -12"><span class='ocrx_word' id='word_1_126' title='bbox 397 1559 503 1606; x_wconf 88' lang='lat' dir='ltr'>Quid</span> <span class='ocrx_word' id='word_1_127' title='bbox 533 1559 694 1596; x_wconf 88' lang='lat' dir='ltr'>referam</span> <span class='ocrx_word' id='word_1_128' title='bbox 723 1571 866 1597; x_wconf 88' lang='lat' dir='ltr'>cannas</span> <span class='ocrx_word' id='word_1_129' title='bbox 896 1558 1130 1608; x_wconf 88' lang='lat' dir='ltr'>admotaque</span> <span class='ocrx_word' id='word_1_130' title='bbox 1160 1558 1362 1596; x_wconf 89' lang='lat' dir='ltr'>maenibus</span> <span class='ocrx_word' id='word_1_131' title='bbox 1391 1558 1522 1596; x_wconf 79' lang='lat' dir='ltr'>aima?</span> 
     </span>
     <span class='ocr_line' id='line_1_19' title="bbox 398 1624 1517 1674; baseline -0.001 -14"><span class='ocrx_word' id='word_1_132' title='bbox 398 1624 691 1674; x_wconf 81' lang='lat' dir='ltr'>Varronemque</span> <span class='ocrx_word' id='word_1_133' title='bbox 720 1628 824 1673; x_wconf 70' lang='lat' dir='ltr'>pugl&#39;l</span> <span class='ocrx_word' id='word_1_134' title='bbox 855 1635 1040 1672; x_wconf 86' lang='lat' dir='ltr'>magnum</span> <span class='ocrx_word' id='word_1_135' title='bbox 1070 1635 1187 1672; x_wconf 86' lang='lat' dir='ltr'>quam</span> <span class='ocrx_word' id='word_1_136' title='bbox 1216 1624 1370 1661; x_wconf 90' lang='lat' dir='ltr'>uincere</span> <span class='ocrx_word' id='word_1_137' title='bbox 1399 1624 1517 1672; x_wconf 81' lang='lat' dir='ltr'>possit</span> 
     </span>
     <span class='ocr_line' id='line_1_20' title="bbox 398 1688 1530 1739; baseline -0.003 -12"><span class='ocrx_word' id='word_1_138' title='bbox 398 1689 567 1739; x_wconf 85' lang='lat' dir='ltr'>Postque</span> <span class='ocrx_word' id='word_1_139' title='bbox 598 1697 683 1727; x_wconf 91' lang='lat' dir='ltr'>tuos</span> <span class='ocrx_word' id='word_1_140' title='bbox 713 1690 899 1726; x_wconf 88' lang='lat' dir='ltr'>tasimene</span> <span class='ocrx_word' id='word_1_141' title='bbox 930 1689 1034 1726; x_wconf 89' lang='lat' dir='ltr'>lacus</span> <span class='ocrx_word' id='word_1_142' title='bbox 1065 1688 1284 1738; x_wconf 87' lang='lat' dir='ltr'>fabiumque</span> <span class='ocrx_word' id='word_1_143' title='bbox 1315 1695 1530 1726; x_wconf 81' lang='lat' dir='ltr'>morantem</span> 
     </span>
     <span class='ocr_line' id='line_1_21' title="bbox 399 1754 1305 1805; baseline -0.002 -12"><span class='ocrx_word' id='word_1_144' title='bbox 399 1755 607 1804; x_wconf 88' lang='lat' dir='ltr'>Accepisse</span> <span class='ocrx_word' id='word_1_145' title='bbox 637 1755 770 1805; x_wconf 86' lang='lat' dir='ltr'>iugum</span> <span class='ocrx_word' id='word_1_146' title='bbox 799 1755 923 1791; x_wconf 85' lang='lat' dir='ltr'>uictae</span> <span class='ocrx_word' id='word_1_147' title='bbox 953 1754 1157 1803; x_wconf 81' lang='lat' dir='ltr'>cartaginis</span> <span class='ocrx_word' id='word_1_148' title='bbox 1187 1766 1305 1791; x_wconf 88' lang='lat' dir='ltr'>arces.</span> 
     </span>
     <span class='ocr_line' id='line_1_22' title="bbox 295 1818 1632 1870; baseline -0.002 -12"><span class='ocrx_word' id='word_1_149' title='bbox 295 1823 343 1870; x_wconf 87' lang='lat'>38</span> <span class='ocrx_word' id='word_1_150' title='bbox 384 1820 474 1869; x_wconf 88' lang='lat' dir='ltr'>fuga</span> <span class='ocrx_word' id='word_1_151' title='bbox 507 1833 692 1869; x_wconf 90' lang='lat' dir='ltr'>magnum</span> <span class='ocrx_word' id='word_1_152' title='bbox 734 1818 935 1856; x_wconf 76' lang='lat' dir='ltr'>Benllcz&#39;us.</span> <span class='ocrx_word' id='word_1_153' title='bbox 997 1831 1259 1868; x_wconf 86' lang='lat' dir='ltr'>magnumque</span> <span class='ocrx_word' id='word_1_154' title='bbox 1295 1832 1314 1856; x_wconf 89' lang='lat'><em>0</em></span> <span class='ocrx_word' id='word_1_155' title='bbox 1349 1830 1465 1868; x_wconf 87' lang='lat' dir='ltr'>quarn</span> <span class='ocrx_word' id='word_1_156' title='bbox 1502 1819 1632 1856; x_wconf 91' lang='lat' dir='ltr'>uiuere</span> 
     </span>
     <span class='ocr_line' id='line_1_23' title="bbox 238 1885 982 1936; baseline -0.004 -12"><span class='ocrx_word' id='word_1_157' title='bbox 238 1887 360 1936; x_wconf 85' lang='lat' dir='ltr'>poscit</span> <span class='ocrx_word' id='word_1_158' title='bbox 382 1885 471 1923; x_wconf 86' lang='lat' dir='ltr'>Cus.</span> <span class='ocrx_word' id='word_1_159' title='bbox 492 1885 596 1936; x_wconf 91' lang='lat' dir='ltr'>quod</span> <span class='ocrx_word' id='word_1_160' title='bbox 616 1886 747 1923; x_wconf 81' lang='lat' dir='ltr'>uiuere</span> <span class='ocrx_word' id='word_1_161' title='bbox 766 1892 896 1934; x_wconf 79' lang='lat' dir='ltr'>posset</span> <span class='ocrx_word' id='word_1_162' title='bbox 918 1885 937 1921; x_wconf 78' lang='lat' dir='ltr'><em>b</em></span> <span class='ocrx_word' id='word_1_163' title='bbox 953 1898 982 1921; x_wconf 84' lang='grc' dir='ltr'>ο.</span> 
     </span>
     <span class='ocr_line' id='line_1_24' title="bbox 294 1948 1631 1999; baseline -0.001 -11"><span class='ocrx_word' id='word_1_164' title='bbox 294 1951 457 1989; x_wconf 87' lang='lat' dir='ltr'>Mirifica</span> <span class='ocrx_word' id='word_1_165' title='bbox 487 1951 580 1988; x_wconf 90' lang='lat' dir='ltr'>mihi</span> <span class='ocrx_word' id='word_1_166' title='bbox 610 1951 760 1988; x_wconf 89' lang='lat' dir='ltr'>uidetur</span> <span class='ocrx_word' id='word_1_167' title='bbox 788 1950 1008 1988; x_wconf 86' lang='lat' dir='ltr'>emendatio</span> <span class='ocrx_word' id='word_1_168' title='bbox 1040 1949 1193 1987; x_wconf 88' lang='lat' dir='ltr'>Ricardi</span> <span class='ocrx_word' id='word_1_169' title='bbox 1220 1948 1264 1987; x_wconf 90' lang='lat' dir='ltr'>C.</span> <span class='ocrx_word' id='word_1_170' title='bbox 1291 1948 1391 1999; x_wconf 92' lang='lat' dir='ltr'>Jebb</span> <span class='ocrx_word' id='word_1_171' title='bbox 1419 1949 1548 1987; x_wconf 89' lang='lat' dir='ltr'>locum</span> <span class='ocrx_word' id='word_1_172' title='bbox 1578 1949 1631 1987; x_wconf 85' lang='lat' dir='ltr'>sic</span> 
     </span>
     <span class='ocr_line' id='line_1_25' title="bbox 238 2015 1017 2066; baseline -0.004 -11"><span class='ocrx_word' id='word_1_173' title='bbox 238 2017 461 2066; x_wconf 85' lang='lat' dir='ltr'>refingentis</span> <span class='ocrx_word' id='word_1_174' title='bbox 482 2016 580 2066; x_wconf 88' lang='lat' dir='ltr'>(Life</span> <span class='ocrx_word' id='word_1_175' title='bbox 603 2016 646 2054; x_wconf 88' lang='lat' dir='ltr'>of</span> <span class='ocrx_word' id='word_1_176' title='bbox 660 2016 831 2065; x_wconf 85' lang='lat' dir='ltr'>Bentley,</span> <span class='ocrx_word' id='word_1_177' title='bbox 853 2028 888 2065; x_wconf 91' lang='lat' dir='ltr'>p.</span> <span class='ocrx_word' id='word_1_178' title='bbox 915 2015 1017 2066; x_wconf 86' lang='lat'>145).</span> 
     </span>
     <span class='ocr_line' id='line_1_26' title="bbox 403 2080 1528 2130; baseline -0.003 -11"><span class='ocrx_word' id='word_1_179' title='bbox 403 2081 508 2128; x_wconf 88' lang='lat' dir='ltr'>Quid</span> <span class='ocrx_word' id='word_1_180' title='bbox 537 2081 696 2119; x_wconf 88' lang='lat' dir='ltr'>referam</span> <span class='ocrx_word' id='word_1_181' title='bbox 728 2081 884 2119; x_wconf 87' lang='lat' dir='ltr'>Cannas</span> <span class='ocrx_word' id='word_1_182' title='bbox 913 2082 1147 2130; x_wconf 86' lang='lat' dir='ltr'>admotaque</span> <span class='ocrx_word' id='word_1_183' title='bbox 1176 2080 1381 2118; x_wconf 89' lang='lat' dir='ltr'>moenibus</span> <span class='ocrx_word' id='word_1_184' title='bbox 1410 2092 1528 2126; x_wconf 88' lang='lat' dir='ltr'>arma,</span> 
     </span>
     <span class='ocr_line' id='line_1_27' title="bbox 403 2146 1594 2197; baseline -0.002 -13"><span class='ocrx_word' id='word_1_185' title='bbox 403 2147 696 2196; x_wconf 85' lang='lat' dir='ltr'>Varronemque</span> <span class='ocrx_word' id='word_1_186' title='bbox 726 2147 817 2197; x_wconf 86' lang='lat' dir='ltr'>suga</span> <span class='ocrx_word' id='word_1_187' title='bbox 846 2159 1049 2196; x_wconf 85' lang='lat' dir='ltr'>magnum,</span> <span class='ocrx_word' id='word_1_188' title='bbox 1080 2146 1321 2195; x_wconf 86' lang='lat' dir='ltr'>Fabiumque</span> <span class='ocrx_word' id='word_1_189' title='bbox 1351 2146 1594 2182; x_wconf 85' lang='lat' dir='ltr'>morantem?</span> 
     </span>
     <span class='ocr_line' id='line_1_28' title="bbox 405 2211 1634 2262; baseline -0.002 -13"><span class='ocrx_word' id='word_1_190' title='bbox 405 2212 574 2261; x_wconf 81' lang='lat' dir='ltr'>Postque</span> <span class='ocrx_word' id='word_1_191' title='bbox 603 2219 700 2257; x_wconf 87' lang='lat' dir='ltr'>tuos,</span> <span class='ocrx_word' id='word_1_192' title='bbox 731 2212 1008 2262; x_wconf 87' lang='lat' dir='ltr'>Thrasymene,</span> <span class='ocrx_word' id='word_1_193' title='bbox 1033 2212 1138 2249; x_wconf 88' lang='lat' dir='ltr'>lacus</span> <span class='ocrx_word' id='word_1_194' title='bbox 1167 2223 1286 2261; x_wconf 89' lang='lat' dir='ltr'>quom</span> <span class='ocrx_word' id='word_1_195' title='bbox 1312 2211 1465 2249; x_wconf 89' lang='lat' dir='ltr'>uincere</span> <span class='ocrx_word' id='word_1_196' title='bbox 1492 2217 1634 2260; x_wconf 84' lang='lat' dir='ltr'>posset,</span> 
     </span>
     <span class='ocr_line' id='line_1_29' title="bbox 406 2277 1346 2327; baseline -0.001 -13"><span class='ocrx_word' id='word_1_197' title='bbox 406 2278 613 2326; x_wconf 79' lang='lat' dir='ltr'>Accepisse</span> <span class='ocrx_word' id='word_1_198' title='bbox 642 2278 775 2327; x_wconf 80' lang='lat' dir='ltr'>iugum</span> <span class='ocrx_word' id='word_1_199' title='bbox 804 2278 926 2315; x_wconf 90' lang='lat' dir='ltr'>uictae</span> <span class='ocrx_word' id='word_1_200' title='bbox 957 2277 1201 2326; x_wconf 82' lang='lat' dir='ltr'>Carthaginis</span> <span class='ocrx_word' id='word_1_201' title='bbox 1230 2288 1346 2314; x_wconf 86' lang='lat' dir='ltr'>arces.</span> 
     </span>
     <span class='ocr_line' id='line_1_30' title="bbox 299 2342 976 2391; baseline 0 -10"><span class='ocrx_word' id='word_1_202' title='bbox 299 2343 367 2382; x_wconf 89' lang='lat' dir='ltr'>IV.</span> <span class='ocrx_word' id='word_1_203' title='bbox 389 2353 519 2391; x_wconf 88' lang='lat'><strong>50—54</strong></span> <span class='ocrx_word' id='word_1_204' title='bbox 542 2343 594 2380; x_wconf 88' lang='lat' dir='ltr'>sic</span> <span class='ocrx_word' id='word_1_205' title='bbox 614 2350 745 2380; x_wconf 86' lang='lat' dir='ltr'>extant</span> <span class='ocrx_word' id='word_1_206' title='bbox 766 2343 803 2380; x_wconf 91' lang='lat' dir='ltr'>in</span> <span class='ocrx_word' id='word_1_207' title='bbox 825 2342 976 2381; x_wconf 91' lang='lat' dir='ltr'>Gembl.</span> 
     </span>
     <span class='ocr_line' id='line_1_31' title="bbox 409 2405 1342 2457; baseline -0.003 -11"><span class='ocrx_word' id='word_1_208' title='bbox 409 2408 508 2455; x_wconf 90' lang='lat' dir='ltr'>Quis</span> <span class='ocrx_word' id='word_1_209' title='bbox 536 2415 571 2446; x_wconf 91' lang='lat' dir='ltr'>te</span> <span class='ocrx_word' id='word_1_210' title='bbox 602 2407 750 2445; x_wconf 88' lang='lat' dir='ltr'>Niliaco</span> <span class='ocrx_word' id='word_1_211' title='bbox 779 2408 989 2457; x_wconf 90' lang='lat' dir='ltr'>periturum</span> <span class='ocrx_word' id='word_1_212' title='bbox 1018 2407 1152 2453; x_wconf 88' lang='lat' dir='ltr'>littore,</span> <span class='ocrx_word' id='word_1_213' title='bbox 1185 2405 1342 2455; x_wconf 83' lang='lat' dir='ltr'>Magne,</span> 
     </span>
     <span class='ocr_line' id='line_1_32' title="bbox 410 2469 1509 2520; baseline -0.004 -12"><span class='ocrx_word' id='word_1_214' title='bbox 410 2471 502 2508; x_wconf 90' lang='lat' dir='ltr'>Post</span> <span class='ocrx_word' id='word_1_215' title='bbox 530 2471 650 2508; x_wconf 87' lang='lat' dir='ltr'>uictas</span> <span class='ocrx_word' id='word_1_216' title='bbox 681 2469 898 2520; x_wconf 81' lang='lat' dir='ltr'>Mitrydatis</span> <span class='ocrx_word' id='word_1_217' title='bbox 928 2482 1020 2519; x_wconf 92' lang='lat' dir='ltr'>opes</span> <span class='ocrx_word' id='word_1_218' title='bbox 1050 2469 1284 2519; x_wconf 89' lang='lat' dir='ltr'>pelagusque</span> <span class='ocrx_word' id='word_1_219' title='bbox 1314 2475 1509 2518; x_wconf 81' lang='lat' dir='ltr'>receptum</span> 
     </span>
     <span class='ocr_line' id='line_1_33' title="bbox 411 2533 1366 2583; baseline -0.003 -9"><span class='ocrx_word' id='word_1_220' title='bbox 411 2536 459 2574; x_wconf 82' lang='lat' dir='ltr'>Et</span> <span class='ocrx_word' id='word_1_221' title='bbox 489 2536 554 2574; x_wconf 89' lang='lat' dir='ltr'>tris</span> <span class='ocrx_word' id='word_1_222' title='bbox 583 2548 741 2574; x_wconf 85' lang='lat' dir='ltr'>emenso</span> <span class='ocrx_word' id='word_1_223' title='bbox 770 2537 925 2574; x_wconf 82' lang='lat' dir='ltr'>meritos</span> <span class='ocrx_word' id='word_1_224' title='bbox 953 2548 999 2573; x_wconf 83' lang='lat' dir='ltr'>cx</span> <span class='ocrx_word' id='word_1_225' title='bbox 1030 2535 1123 2572; x_wconf 86' lang='lat' dir='ltr'>orbe</span> <span class='ocrx_word' id='word_1_226' title='bbox 1153 2533 1366 2583; x_wconf 85' lang='lat' dir='ltr'>triumphos</span> 
     </span>
    </p>
   </div>
  </div>
 </body>
</html>
