1786 2878
497 151 566 182 AD
597 152 801 183 ARATEA
840 151 1129 182 GERMANJCJ
1429 154 1511 197 245

123 265 160 295 et
179 264 337 295 uocatur
358 256 570 307 Hesperus.
627 258 761 307 Itaque
786 258 873 294 haec
900 266 918 304 7
926 270 946 305 3
972 257 1128 295 refertur
1156 257 1204 294 ad
1235 270 1279 295 ea
1309 270 1406 308 quae
1437 258 1513 295 iam

122 324 439 361 commemorauit
462 322 647 374 (50-72):
678 324 764 360 haec
791 325 839 370 76
868 322 916 359 ad
944 335 988 359 ea
1017 335 1115 372 quae
1142 334 1235 360 mox
1263 323 1430 361 dicturus
1458 330 1514 361 est

121 387 328 439 (77—109).
386 388 421 425 A
445 397 492 436 77
514 400 634 438 usque
655 388 703 425 ad
729 400 815 435 109,
836 388 900 424 ubi
922 386 1176 425 Germanicus
1200 395 1370 426 recenset
1390 389 1515 426 uarias

122 459 369 502 tempestates
399 466 497 503 quae
527 466 549 491 a
577 454 795 503 uespertina
815 452 967 491 Venere
997 453 1260 502 expectandae
1290 454 1375 499 sint,
1407 455 1516 503 fingit

122 519 270 556 stellam
310 518 512 557 Romanos
550 519 717 568 adloqui,
758 519 786 556 si
828 526 930 556 recte
969 518 1137 555 diuinaui
1175 532 1276 555 coma
1314 520 1352 556 in
1391 519 1516 556 Roma

121 584 390 633 refingendum
411 596 504 622 esse.
562 584 644 622 Nec
665 584 780 622 uideo
801 597 869 622 cur
889 596 967 621 non
988 583 1060 622 hoc
1081 584 1199 622 modo
1225 585 1445 634 significarit
1466 586 1516 622 ad

124 649 326 687 Romanos
346 649 442 687 edici
462 656 664 699 praecepta
685 662 730 687 ea
751 661 849 699 quae
870 650 908 686 in
929 649 1000 687 hac
1021 656 1127 699 parte
1149 650 1340 695 carminis,
1356 652 1515 687 Aratum

123 714 314 761 deserens,
336 715 559 753 enuntiauit.
614 715 845 764 Ecquonam
874 716 911 752 in
939 715 1023 753 loco
1043 715 1179 752 melius
1205 715 1254 752 ad
1276 714 1445 753 Romam
1476 728 1516 752 se

125 792 380 818 conuersurus
397 787 476 817 erat
496 781 636 829 poeta?
672 780 732 818 De
749 780 896 818 Venere
917 780 1070 829 planeta
1090 781 1210 818 multa
1227 781 1318 818 dixit
1336 780 1515 831 (50-75),

124 845 244 882 multa
273 846 440 883 dicturus
467 852 525 883 est
549 845 756 896 (77—109),
777 846 842 883 illa
872 846 918 882 de
947 847 1134 883 matutina
1164 847 1242 884 siue
1273 846 1516 896 Phosphoro,

123 910 218 948 haec
239 911 286 948 de
312 910 530 960 uespertina
557 911 636 948 siue
666 911 859 960 Hespero.
916 911 1140 960 Hesperum
1160 911 1295 948 Venus
1316 919 1402 949 ante
1423 912 1518 949 alios

123 982 310 1014 astrorum
340 976 469 1013 dilexit
497 977 618 1025 ignes,
650 976 830 1026 Hespero
862 977 966 1013 Iulus
996 984 1241 1026 comparatur
1271 990 1294 1014 a
1318 977 1515 1026 Vergilio;

123 1042 216 1091 quid
247 1042 386 1078 mirum
420 1042 451 1079 si
480 1041 529 1079 de
564 1042 744 1092 Hespero
780 1042 892 1080 simul
927 1048 1040 1091 atque
1075 1042 1283 1079 dicendum
1318 1049 1408 1088 erat,
1436 1043 1519 1092 ipsa

124 1107 258 1145 Venus
288 1106 477 1144 inducitur
510 1108 646 1144 urbem
687 1107 857 1145 Romam
896 1107 943 1144 ad
981 1119 1021 1144 se
1057 1120 1125 1157 per
1160 1107 1279 1145 Iulios
1314 1108 1518 1157 Iulumque

124 1172 329 1210 deductam
357 1172 568 1222 adloquens
599 1172 889 1223 admonensque
914 1173 1008 1222 quid
1034 1186 1082 1210 ex
1110 1173 1220 1211 stella
1244 1185 1313 1211 sua
1340 1173 1519 1211 adamata

125 1239 308 1288 speraturi
329 1238 429 1276 sint?

179 1303 291 1341 Certe
318 1310 404 1352 post
430 1300 590 1354 cauer(e)
619 1304 866 1352 imperatiuus
896 1307 1064 1340 memento
1093 1303 1220 1341 locum
1250 1315 1362 1341 suum
1392 1304 1519 1341 habet.

127 1369 194 1406 Sin
214 1369 366 1418 negaris
385 1373 415 1404 te
435 1368 662 1418 plerumque
690 1369 872 1406 lectorem
894 1369 1124 1406 Arateorum
1152 1371 1213 1404 τὸν
1239 1372 1396 1416 τυχόντα,
1418 1381 1519 1406 nunc

125 1435 260 1471 urbem
300 1434 582 1479 Romanorum,
619 1447 743 1484 neque
784 1446 949 1483 usquam
988 1434 1094 1479 alias,
1136 1435 1362 1483 significare,
1399 1435 1519 1483 scrip-

126 1500 241 1537 serim

287 1564 387 1602 Vere
418 1577 555 1602 cauere
584 1565 724 1602 imbres
755 1573 790 1602 et
822 1564 971 1614 fulgura
1000 1570 1098 1601 [orla
1128 1572 1337 1603 memento.

209 1683 258 1729 85
290 1680 432 1718 Nubila
462 1693 550 1718 cum
581 1680 729 1724 fuerint,
762 1681 907 1719 subitos
938 1682 1124 1718 mirabere
1155 1681 1265 1727 soles,

287 1746 336 1783 Et
365 1746 483 1783 modo
514 1746 561 1783 de
591 1754 720 1792 uento,
750 1746 878 1794 gelido
908 1747 1027 1784 modo
1057 1747 1232 1795 protinus
1263 1748 1395 1791 imbre,

289 1811 443 1849 Lucens
471 1811 616 1849 alterna
646 1813 838 1861 superabit
868 1812 951 1849 luce
982 1824 1126 1849 serena.

291 1876 358 1914 Sin
387 1876 481 1914 leuis
511 1877 684 1926 ingressa
713 1884 769 1913 est
800 1878 957 1926 spatiosi
989 1877 1109 1914 sidera
1141 1876 1289 1922 Cancri,

289 1942 429 1979 Pacem
458 1942 625 1979 mundus
654 1942 778 1980 habet.

126 2031 283 2069 Grotius
305 2033 314 2048 ‘
331 2029 468 2067 Nullus
488 2042 634 2075 sensus,
656 2030 694 2066 ni
715 2030 819 2079 legas
841 2030 892 2067 Si
918 2031 1034 2067 Venus
1054 2033 1222 2080 zbzgressa
1250 2036 1302 2067 esl
1325 2038 1377 2079 sp.
1400 2030 1439 2068 S.
1464 2030 1520 2068 Cf

126 2095 254 2133 Immo
275 2095 454 2145 optimus.
513 2095 745 2132 Inconstans
765 2107 886 2144 usque
902 2095 1037 2132 Venus
1056 2096 1125 2133 fuit
1144 2096 1183 2133 in
1205 2096 1350 2141 Tauro,
1368 2108 1460 2133 mox
1482 2097 1520 2132 in

128 2161 316 2199 Geminis.
372 2160 449 2198 Sed
468 2160 603 2198 eadem
630 2160 724 2197 leuis
753 2161 825 2198 dea
852 2161 963 2197 simul
990 2169 1105 2210 atque
1127 2161 1323 2199 Cancrum
1348 2162 1521 2210 ingressa

128 2233 196 2271 est,
227 2226 523 2264 inconstantiam
563 2226 728 2274 deponit,
760 2226 891 2263 omnia
930 2238 1007 2264 uno
1045 2233 1177 2264 tenore
1216 2234 1331 2276 pacat
1370 2234 1518 2276 tempe-

128 2299 275 2342 ratque.

211 2419 261 2458 95
292 2409 451 2459 Virgine
481 2416 591 2447 erunt
620 2409 772 2458 pluuiae
803 2409 1011 2459 †plerique
1039 2411 1080 2446 in
1110 2411 1210 2447 nube
1240 2409 1424 2459 fragores,

122 2475 291 2523 plenique
317 2475 485 2513 Grotius.
544 2475 606 2511 An
635 2475 761 2524 potius
796 2476 956 2524 caelique
968 2479 989 2512 ‚2
1036 2475 1083 2514 cf.
1123 2488 1195 2523 134
1229 2476 1370 2525 gelidos
1396 2477 1518 2526 flalus

129 2540 287 2588 caelique
288 2541 486 2591 fragores.
