1786 2878
622 394 1075 443 EPIMETRv-M.

155 534 214 573 De
235 535 399 574 editione
416 534 564 572 Manilii
586 534 766 572 Romana
785 534 875 571 anni
894 545 1006 582 1510,
1022 540 1059 572 et
1079 533 1126 571 de
1147 532 1372 571 coniecturis
1393 544 1489 582 quas
1509 533 1547 570 in

207 621 252 646 ea
276 621 413 646 manus
433 615 474 646 ut
493 608 643 646 uidetur
659 608 798 646 saeculi
824 608 886 645 xvi
907 607 1106 655 adscripsit
1127 607 1165 643 in
1185 607 1358 655 margine
1387 607 1545 656 pagina-

207 695 291 720 rum
311 683 393 720 libri
414 682 464 720 II.

208 778 326 816 Hunc
355 778 506 825 librum,
537 778 601 828 qui
633 778 725 816 olim
756 777 927 827 Ingrarni
961 776 1137 826 Bywater
1166 775 1298 822 fuerat,
1332 775 1544 825 bibliopola

153 843 388 881 Oxoniensis
418 855 506 881 cum
535 842 626 880 mihi
650 855 751 881 anno
777 845 877 891 1889
900 842 1143 887 uendidisset,
1164 841 1328 879 intellexi
1353 842 1546 891 adscripta

151 908 342 958 quaedam
380 908 520 946 habere
558 909 597 945 in
637 920 706 946 ora
744 907 827 945 libri
867 907 1022 945 secundi
1059 919 1157 956 quae
1186 907 1323 955 partim
1361 906 1541 955 Scaliger,

153 974 292 1023 partim
311 973 517 1020 Bensseius,
532 973 598 1012 sed
618 979 658 1010 ut
678 974 828 1011 uidetur
848 973 1045 1022 posterius,
1061 972 1318 1010 diuinassent:
1349 960 1546 1021 praeterea

150 1039 335 1076 nonnulla
354 1051 452 1088 quae
472 1039 574 1088 apud
594 1039 666 1076 hos
687 1039 840 1088 quidem
862 1050 940 1075 non
962 1044 1240 1086 comparerent,
1263 1043 1390 1074 essent
1410 1043 1540 1074 tamen

150 1104 308 1142 alicuius
328 1104 447 1153 pretii.
496 1103 606 1141 Haec
627 1104 758 1141 omnia
778 1103 830 1140 sic
851 1110 891 1141 ut
912 1109 1000 1141 sunt
1020 1103 1057 1139 in
1080 1103 1176 1140 libro
1197 1103 1309 1141 edere
1331 1103 1522 1140 constitui.

205 1181 318 1219 Initio
337 1181 420 1218 libri
442 1181 535 1218 haec
555 1181 741 1230 impressa
761 1186 847 1217 sunt

312 1270 431 1296 MARCI
462 1269 613 1295 MANILII
643 1263 881 1294 ASTRONOMIJ

313 1335 386 1361 CON
415 1335 466 1360 AD
495 1334 693 1360 CAESAREM
723 1327 839 1359 AVGVl

313 1400 412 1425 STvM
441 1400 610 1425 NOVITER
642 1400 687 1426 Ac
718 1399 757 1424 m

314 1465 581 1491 LIGENTISSIME
610 1465 713 1490 EMEN

421 1530 553 1555 DATVM

206 1595 317 1632 Haec
337 1595 375 1631 in
397 1594 471 1631 fine

314 1670 438 1708 Marci
470 1670 617 1708 Manilii
647 1670 905 1707 mathematici
934 1669 1235 1708 Astronomicon
1265 1670 1344 1707 finit
1374 1670 1472 1707 felici

365 1743 430 1774 ter.
478 1736 715 1785 Impressum
734 1735 883 1772 Romae
902 1746 971 1783 per
992 1735 1216 1784 magistrum
1232 1735 1417 1773 Iacobum

467 1800 672 1839 Mazochifi
695 1800 767 1838 Ro.
789 1800 1025 1837 achademiae
1054 1800 1313 1849 Bibliopolain

530 1866 648 1903 Anno
669 1866 799 1903 salutis
820 1865 936 1903 M.d.x.
960 1866 1133 1915 Regnate
1157 1866 1247 1904 diuo

592 1932 689 1969 Iulio
720 1931 897 1969 Secundo
927 1931 1038 1969 Pont.
1069 1931 1176 1969 Max.

769 1998 886 2034 Anno
933 1998 1014 2034 eius

866 2074 919 2098 v11

202 2117 264 2155 Ad
285 2130 320 2156 u.
345 2130 387 2155 21
400 2130 414 2153 1
440 2117 479 2154 in
499 2117 647 2154 sinistra

310 2195 505 2243 agittarius

418 2272 465 2296 eo

404 2325 478 2361 ries

388 2389 486 2426 isces

376 2454 464 2491 acer

363 2520 516 2568 corpius

811 2599 831 2623 Ρ
855 2599 871 2623 2
