1786 2878
449 679 825 729 ADDENDA
880 679 954 726 IN
1008 679 1404 726 MANILIVM.

304 817 372 855 IV.
396 830 471 855 200

412 883 458 920 In
488 883 582 925 uitio
611 884 714 920 bona
744 888 854 919 sunt:
886 890 1037 919 teneros
1066 881 1189 930 pudor
1218 880 1377 930 impedit
1407 891 1542 918 annos.

252 948 447 998 Respexit,
471 948 598 994 credo,
621 948 876 985 Homericum
903 947 994 984 illud
1015 947 1058 984 Il.
1079 948 1177 984 xxiv.
1202 960 1264 994 44,
1289 956 1338 994 45
1361 948 1462 983 αἰδώς
1483 976 1490 982 .
1513 976 1520 984 .
1543 977 1549 983 .
1572 948 1593 991 ἥ
1610 946 1639 981 τ’

304 1015 425 1061 ἄνδρας
457 1015 542 1061 μέγα
573 1013 702 1049 σίνεται
734 1013 783 1059 ἧδ’
812 1012 952 1058 ὀνίνησι,
980 1013 1045 1062 qui
1074 1024 1207 1049 uersus
1237 1024 1327 1049 cum
1355 1012 1420 1049 illo
1443 1011 1561 1048 altero
1591 1024 1637 1048 ex

306 1079 483 1128 Odyssea
508 1079 592 1116 Xvii.
622 1088 695 1127 347
728 1080 834 1115 Αἷδὼς
861 1079 889 1113 δ’
919 1080 978 1113 οὐκ
1005 1079 1114 1126 ἀγαθὴ
1145 1080 1334 1127 κεχρημένῳ
1365 1079 1460 1124 ἀνδρὶ
1488 1080 1640 1123 παρεῖναι

305 1145 533 1183 coniunctus
561 1145 696 1194 legitur
727 1143 828 1193 apud
859 1143 1077 1181 Hesiodum
1104 1144 1154 1180 Ἐ.
1175 1160 1203 1180 κ.
1223 1144 1278 1179 Ἣ.
1303 1154 1391 1192 317,
1415 1144 1505 1191 318.

306 1210 354 1247 V.
378 1212 454 1258 546

362 1275 482 1322 Quod
510 1275 571 1313 hic
601 1275 799 1313 uolueram
831 1275 994 1313 scribere

415 1341 492 1378 Hic
521 1340 757 1390 hymenaeus
787 1348 865 1378 erat
893 1341 1028 1377 solatae
1057 1339 1210 1389 publica
1240 1339 1382 1377 damna

413 1406 576 1443 Priuatis

252 1484 333 1510 non
349 1473 398 1509 ab
413 1484 451 1509 re
467 1472 536 1509 erit
556 1470 716 1508 similem
733 1483 844 1508 usum
862 1470 1008 1508 adferre
1023 1470 1213 1520 participii
1233 1469 1272 1506 in
1288 1469 1406 1506 uerbo
1425 1468 1642 1518 deponente

253 1538 317 1587 qui
338 1538 377 1574 in
398 1537 576 1574 Lucretio
597 1543 653 1573 est
673 1537 708 1574 ii.
734 1549 747 1573 1
762 1538 847 1574 162.
904 1537 1005 1573 Eum
1026 1548 1179 1574 uersum
1199 1535 1233 1572 A
1246 1534 1278 1572 B
1300 1535 1353 1573 sic
1372 1534 1607 1572 tradiderunt

417 1602 656 1640 Conficimus
685 1602 826 1639 ferrum
856 1603 921 1638 uix
951 1602 1052 1639 aruis
1082 1600 1323 1650 suppeditati,

255 1668 361 1718 quod
390 1668 525 1705 frustra
550 1675 690 1704 tutatus
719 1675 775 1704 est
798 1666 942 1704 Munro
963 1668 1001 1704 in
1024 1667 1241 1704 Comment.
1263 1665 1311 1703 ad
1341 1665 1481 1703 locum.
1541 1663 1643 1701 Nam

255 1733 502 1772 scribendum
531 1740 587 1771 est
616 1734 820 1782 suppelz'alz',
840 1733 893 1769 uti
915 1733 1041 1770 multis
1070 1739 1157 1769 ante
1187 1731 1297 1768 annis
1317 1730 1429 1768 docui
1455 1731 1492 1766 in
1514 1728 1645 1766 Diario

257 1798 391 1836 Philol.
407 1798 568 1836 Cantab.
589 1799 647 1835 vii.
666 1810 739 1847 259
763 1797 913 1849 (1877).
948 1797 1029 1835 Cic.
1050 1797 1099 1834 ad
1119 1797 1195 1833 Att.
1217 1796 1288 1833 xiv.
1311 1799 1369 1833 18.
1391 1809 1408 1832 2
1431 1794 1491 1831 De
1509 1794 1646 1831 Patul-

256 1866 358 1901 ciano
387 1865 527 1900 nomine
554 1864 652 1911 quod
678 1864 775 1899 mz'ln'
798 1864 1022 1911 suppclz‘alus
1050 1875 1084 1899 es
1107 1862 1365 1911 gralz'sst'mum
1395 1865 1446 1897 est
1470 1865 1503 1896 el
1529 1860 1647 1896 simile

256 1935 401 1967 luorum
416 1930 588 1974 omnium,
605 1929 670 1965 ubi
690 1928 874 1966 editiones
897 1927 1076 1965 Romana
1096 1935 1132 1965 et
1149 1926 1380 1965 Iensoniana
1399 1926 1648 1974 suppeditatas

258 1996 454 2046 praebent.
495 1993 585 2032 ‘We
599 2006 698 2031 wear
711 2001 777 2032 out
797 1994 894 2041 iron,
916 1992 1082 2043 scarcely
1099 1993 1185 2030 thus
1206 1992 1364 2041 coming
1383 1998 1423 2029 to
1444 1990 1506 2028 the
1526 1989 1588 2027 aid
1609 1988 1654 2027 of

260 2073 328 2098 our
349 2059 559 2098 exhausted
579 2059 708 2097 fields.'
