1786 2878
555 856 1029 907 CONSPECTVS
1075 859 1427 908 CODICVM.

341 1036 478 1071 Gembl.
505 1038 607 1073 Olim
632 1038 846 1074 monasterii
875 1041 1159 1076 Gemblacensis
1186 1041 1222 1076 in
1248 1041 1391 1085 Belgia,
1414 1052 1511 1075 nunc
1534 1040 1687 1075 Bruxel-

432 1093 544 1128 lensis
575 1094 831 1129 Bibliothecae
857 1095 1010 1140 Regiae,
1038 1108 1193 1131 nurnero
1223 1106 1333 1130 10012
1360 1103 1521 1131 notatus.
1571 1095 1688 1130 Foliis

436 1158 550 1182 1-100
581 1149 726 1184 Manilii
753 1151 1028 1193 Astronomica‚
1054 1151 1203 1196 reliquis
1233 1151 1410 1185 Prisciani
1441 1150 1686 1186 Grammatici

436 1203 647 1249 Periegesin
666 1206 840 1240 continet.
892 1207 1203 1241 Membranaceus
1221 1214 1288 1248 est,
1305 1218 1400 1241 saec.
1415 1219 1436 1240 x
1454 1213 1609 1241 exeunte
1627 1207 1685 1240 uel

431 1259 466 1292 xi
498 1259 646 1295 ineunte
677 1261 836 1306 scriptus
869 1261 1088 1300 (Bechertus
1117 1262 1161 1296 de
1185 1263 1243 1295 M.
1270 1262 1435 1295 Manilii
1465 1261 1690 1295 emendandi

432 1317 578 1349 ratione
602 1327 636 1360 p.
654 1326 687 1359 4,
708 1316 768 1351 ubi
788 1323 843 1351 est
861 1316 1006 1361 plenior
1023 1317 1162 1352 codicis
1185 1316 1338 1351 notitia:
1367 1316 1411 1350 cf.
1433 1317 1472 1351 P.
1491 1316 1686 1350 Thomasii

432 1370 633 1405 Lucztbral.
651 1372 792 1405 Manil.
811 1383 873 1416 pp.
896 1382 949 1416 13,
968 1371 1036 1415 14).
1079 1373 1217 1407 Totum
1236 1371 1403 1406 codicem
1421 1383 1506 1406 curn
1524 1371 1688 1406 editione

434 1426 493 1460 Fr.
530 1426 654 1461 Iacobi
697 1427 849 1461 contulit
892 1439 1010 1472 nuper
1051 1429 1187 1462 Paulus
1229 1427 1454 1462 Thomasius
1498 1427 1690 1461 Professor

433 1481 721 1525 Gandauensis;
760 1494 854 1527 quae
887 1483 1034 1518 collatio
1066 1483 1167 1518 edita
1200 1489 1256 1517 est
1290 1482 1327 1517 in
1357 1482 1534 1517 fasciculo
1567 1481 1688 1526 primo

434 1536 737 1572 dissertationum
756 1537 832 1573 eius
851 1538 1110 1573 Vniuersitatis
1132 1550 1232 1573 anno
1255 1538 1354 1573 1888.
1408 1539 1494 1583 Ipse
1519 1537 1687 1572 codicem

433 1591 573 1637 inspexi
596 1593 774 1628 Bruxellis
793 1605 920 1628 mense
938 1594 1055 1639 Aprili
1074 1594 1161 1628 anni
1185 1594 1285 1637 1890.

342 1648 425 1682 Cas.
456 1649 626 1683 Cusanus
652 1647 775 1692 olim¹‚
802 1661 900 1684 nunc
928 1650 1174 1684 Bruxellensis
1196 1646 1344 1692 106992,
1366 1648 1687 1691 membranaceus,

434 1704 581 1738 saeculo
602 1703 648 1738 xii
673 1704 829 1749 scriptus
855 1706 1058 1739 secundum
1079 1705 1281 1739 Oehlerum
1305 1704 1341 1738 in
1366 1704 1478 1749 praef.
1496 1704 1554 1738 ed.
1576 1703 1688 1737 Iacob

432 1770 465 1802 p.
492 1758 538 1793 ix.
591 1760 690 1793 Inter
715 1760 830 1793 multa
854 1760 928 1794 alia
952 1760 1066 1794 habet
1094 1759 1291 1794 Manilium
1316 1760 1377 1793 fol.
1400 1768 1570 1801 107-122‚
1588 1757 1687 1792 binis

433 1814 626 1857 columnis,
654 1815 834 1859 scriptura
864 1816 1016 1859 minuta,
1047 1822 1256 1850 atramento
1285 1825 1553 1859 nonnunquam
1583 1813 1687 1858 palli-

433 1869 546 1911 diore,
565 1881 832 1915 nonnunquam
857 1870 993 1905 uiuido.
1043 1871 1207 1916 Vtraque
1233 1870 1406 1904 columna
1431 1880 1605 1904 uersuum
1631 1874 1688 1903 est

432 1925 477 1967 69
496 1926 552 1959 uel
572 1934 626 1968 70.

385 1980 484 2015 Ante
509 1992 544 2014 u.
566 1991 578 2015 1
601 1981 682 2015 libri
704 1982 717 2015 I
742 1981 887 2016 titulum
910 1981 1023 2016 habet
1047 1981 1166 2016 hunc:
1193 1981 1315 2015 Arati
1329 1980 1549 2026 philosophi
1569 1984 1687 2014 astro-

335 2073 346 2091 ¹
371 2073 511 2105 Videtur
527 2085 566 2106 ex
582 2075 785 2107 bibliotheca
800 2076 987 2117 prouenisse
1004 2086 1102 2116 quam
1119 2075 1226 2107 Cusae
1243 2075 1274 2105 in
1293 2074 1454 2105 Mosellae
1469 2074 1582 2105 dextra
1603 2075 1686 2115 ripa,

291 2117 500 2148 Treuirorum
513 2119 546 2149 in
562 2119 736 2158 territorio,
750 2130 814 2150 non
832 2119 930 2160 longe
947 2120 989 2150 ab
1006 2119 1132 2160 oppido
1146 2119 1352 2156 Bcrnkastel,
1366 2118 1514 2149 condidit
1528 2117 1688 2148 Nieolaus

292 2161 476 2202 Episcopus
488 2162 674 2201 Brixiensis,
687 2163 774 2194 idem
788 2163 986 2200 Cardinalis‚
1003 2163 1158 2194 Cuscmus
1174 2173 1214 2193 ex
1230 2161 1332 2192 natali
1345 2162 1420 2193 uico
1437 2163 1688 2202 cognominatus

293 2205 530 2245 <1401—14643.
577 2206 654 2236 Non
685 2211 733 2237 est
760 2206 893 2247 quidem
926 2207 1008 2237 inter
1040 2206 1169 2238 codices
1199 2206 1268 2236 eius
1299 2205 1518 2236 bibliothecae
1549 2215 1686 2246 quorum

290 2248 492 2289 Catalogum
508 2249 613 2280 edidit
632 2250 822 2281 Franciscus
840 2250 962 2281 Xauier
977 2249 1085 2280 Kraus
1101 2250 1134 2280 in
1150 2250 1292 2290 Serapeo
1309 2251 1354 2288 (a.
1375 2248 1470 2288 1864,
1487 2247 1584 2288 1865)
1598 2259 1604 2278 :
1629 2248 1686 2279 sed

290 2297 400 2323 extare
430 2292 463 2322 in
495 2293 698 2325 bibliotheca
726 2293 934 2334 Burgundica
962 2293 1134 2331 Bruxellis,
1163 2304 1246 2334 quae
1271 2293 1386 2323 eadem
1417 2302 1502 2323 nunc
1532 2297 1579 2323 est
1610 2302 1686 2333 pars

292 2335 516 2367 Bibliothecae
531 2336 662 2377 Regiae,
677 2337 800 2367 multos
816 2337 946 2368 codices
958 2337 1014 2377 qui
1032 2337 1063 2367 in
1077 2338 1207 2368 Cusana
1221 2336 1353 2367 Nicolai
1370 2335 1536 2377 quondam
1550 2335 1685 2372 fuerant,

290 2385 428 2411 testatur
449 2380 608 2420 Iosephus
625 2380 723 2411 Klein
747 2381 826 2412 iiber
847 2381 901 2411 cin
919 2380 1144 2421 llandsclzrg'fl
1166 2381 1218 2411 des
1239 2380 1400 2410 Nz'colaus
1422 2390 1486 2410 von
1511 2379 1594 2410 Cucs
1617 2389 1648 2420 p.
1668 2387 1686 2417 3

293 2423 417 2463 (Berlin
438 2422 545 2463 1566).

334 2483 346 2500 ²
368 2483 404 2514 P.
435 2492 497 2523 214
524 2483 620 2514 Tom.
646 2483 661 2513 I
691 2483 844 2524 Catalogi
874 2483 1100 2515 Bibliothecae
1125 2483 1250 2524 Regiae
1276 2482 1396 2514 ducum
1422 2482 1685 2523 Burgundiorum

293 2526 493 2567 (catalogue
520 2526 577 2558 des
602 2526 687 2558 MSS
710 2527 750 2557 de
777 2527 810 2558 la
836 2526 1064 2569 bibliotheque
1090 2528 1201 2568 royale
1228 2527 1285 2558 des
1309 2527 1388 2558 dues
1413 2526 1454 2558 de
1478 2526 1684 2567 Bourgogne,

292 2570 460 2601 Bruxelles
475 2575 507 2602 et
523 2570 670 2612 Leipzig,
691 2570 800 2611 1842).
