1786 2878
812 127 871 157 IV
1449 129 1528 173 135

138 218 185 270 ei}
206 231 275 269 IV.
293 234 366 270 801
394 231 488 270 Cum
493 233 655 282 filgerel
676 232 849 281 Typhona
881 232 1006 269 Venus.
1038 231 1141 269 Nam
1153 234 1333 283 profitgz’l
1354 233 1529 283 Ijrphona

137 299 178 335 in
198 299 317 335 undas
336 299 495 336 barbare
515 299 600 345 dici,
621 300 731 335 alatis
750 298 912 334 humeris
931 310 1010 335 non
1030 310 1132 336 uere.

194 363 348 401 Gembl.
370 365 401 401 si
430 365 636 413 sequimur,
660 364 882 401 retinendus
913 364 981 400 erit
1013 365 1101 418 581.
1159 363 1263 401 Nam
1294 376 1373 401 non
1404 363 1529 402 solum

140 428 191 465 ibi
222 435 433 478 comparet,
465 429 532 466 sed
561 430 674 466 etiam
701 429 756 466 sic
781 429 954 477 scriptus,
986 436 1026 466 ut
1053 428 1193 478 duplici
1222 429 1342 467 modo
1374 429 1530 467 traditus

138 493 255 532 fuisse
275 494 449 532 uideatur

302 559 573 609 Anguipedem
601 559 721 597 alatos
751 558 968 612 humeros}
990 559 1161 608 typhona
1189 560 1384 606 ferentem,

603 625 710 662 alatis
748 624 916 662 humeris
950 614 967 664 J

135 690 311 740 prcficgz't
349 690 524 739 Z'Jplzona
563 697 706 727 tutatur
736 690 868 728 similis
897 690 1005 728 locus
1036 689 1271 728 Columellae
1307 703 1342 728 x.
1376 693 1424 739 56
1459 690 1536 728 Sed

138 756 302 804 trepidus
312 756 491 806 prcffugil
511 754 645 793 Chelas
665 761 698 792 el
713 757 853 804 spicula
872 756 1042 793 Phoebus
1060 755 1166 792 Dira
1186 755 1325 805 ll'cpae.

196 820 274 858 Sed
293 821 409 858 miror
430 833 466 858 u.
491 822 568 868 580
589 828 668 858 tam
687 821 804 870 longe
824 821 961 859 distare
983 821 1181 870 quomodo
1201 822 1239 858 in
1261 821 1413 859 Gembl.
1429 828 1534 859 extat

141 886 192 924 ab
221 898 267 923 ea
286 885 409 925 forma
429 898 562 924 uersus
583 898 700 935 quam
721 893 888 936 praestat
908 885 1040 924 Voss.2
1095 886 1232 924 Mersa
1254 887 1354 925 enim
1377 900 1534 936 prorsus

140 952 292 990 excidit.
347 952 412 988 An
432 951 533 989 aliud
553 952 646 1000 quid
665 952 755 989 latet
776 952 815 988 in
835 951 907 988 illis

304 1016 405 1055 Cum
435 1017 649 1055 babilonias
678 1029 788 1054 casus
818 1016 985 1066 profugit
1015 1017 1054 1053 in
1084 1017 1236 1054 undas?

142 1083 280 1121 Fuitne
303 1083 342 1120 in
363 1082 572 1132 archetypo

304 1148 405 1186 Cum
435 1148 716 1197 Babyloniacas
746 1160 905 1197 passura
936 1148 1103 1197 profugit
1132 1149 1169 1185 in
1199 1149 1335 1194 undas,

141 1226 234 1253 mox
247 1214 415 1253 confusis
432 1215 531 1251 inter
552 1226 590 1251 se
605 1227 668 1251 cas
680 1221 755 1262 pas
774 1214 850 1251 hoc
871 1214 1070 1258 omissum,
1086 1214 1175 1251 illud
1193 1215 1231 1251 in
1246 1228 1355 1252 casus
1375 1226 1535 1252 conuer-

143 1292 229 1318 sum
249 1281 333 1318 est?
367 1286 537 1329 passura
566 1292 618 1317 sc.
648 1279 867 1329 Typhona:
909 1279 974 1329 qui
1003 1279 1152 1318 infenso
1187 1280 1315 1317 animo
1342 1279 1536 1317 Venerem

143 1345 450 1394 aggrediebatur.

199 1411 246 1447 In
279 1412 352 1457 581
391 1410 546 1447 Gembl.
586 1417 737 1448 secutus
767 1410 947 1456 humeros,
983 1422 1063 1448 non
1097 1423 1251 1459 ungues,
1286 1423 1358 1448 nec
1398 1423 1538 1459 angues

144 1476 372 1525 scripserim.
431 1474 535 1512 Nam
552 1475 721 1524 Typhon
737 1477 942 1522 ἀερσιπότης
956 1475 1093 1513 dicitur
1113 1488 1135 1512 a
1149 1475 1296 1513 Nonno
1314 1475 1537 1525 Dionysiae.

143 1542 179 1578 ii.
203 1554 264 1587 22,
285 1541 497 1590 meliusque
518 1541 659 1578 umeris
684 1540 764 1578 alae
788 1542 1026 1578 conueniunt
1055 1553 1172 1590 quam
1194 1542 1397 1589 unguibus.
1439 1541 1538 1579 Sane

144 1619 224 1644 non
243 1606 384 1644 infitior
402 1606 686 1655 Apollodorum
706 1606 771 1643 ubi
790 1618 880 1644 eum
900 1606 1077 1643 describit
1094 1607 1116 1644 i.
1134 1607 1169 1642 6.
1188 1619 1209 1654 3
1224 1608 1266 1642 τὰ
1285 1607 1320 1642 δὲ
1341 1607 1407 1642 ἀπὸ
1426 1611 1541 1653 μηρῶν

145 1671 289 1720 σπείρας
316 1669 408 1719 εἶχεν
435 1672 675 1719 ὑπερμεγέθεις
702 1673 853 1718 ἐχιδνῶν,
883 1673 928 1707 ὧν
955 1673 1050 1707 ὁλκοὶ
1078 1674 1164 1718 πρὸς
1191 1673 1293 1717 αὐτὴν
1320 1673 1541 1718 ἐκτεινόμενοι

145 1803 388 1841 AntOninum
402 1802 620 1840 Liberalem
639 1805 687 1840 28
706 1802 921 1849 ἐπεφύκεσαν
939 1804 1004 1850 ’γὰρ
1025 1805 1172 1850 κεφαλαὶ
1185 1805 1347 1839 πλεῖσται
1362 1805 1415 1838 καὶ
1429 1805 1541 1850 χεῖρες

147 1871 200 1906 καὶ
217 1869 394 1917 πτέρυγες,
410 1868 592 1917 Typhoni
606 1868 685 1906 alas
705 1868 745 1904 in
766 1875 846 1905 toto
863 1880 1024 1917 corpore
1045 1876 1081 1905 et
1102 1868 1140 1905 in
1156 1868 1336 1906 omnibus
1357 1868 1541 1905 membris

146 1934 396 1979 adtribuisse;
417 1933 484 1971 sed
503 1934 620 1970 alatos
635 1946 774 1983 ungues
789 1930 897 1983 (nam
910 1947 1048 1982 angues
1065 1933 1224 1983 quidem
1245 1933 1447 1971 ridiculum
1468 1932 1542 1982 est)

146 2006 355 2048 utcumque
376 1999 695 2048 interpretaberis,
719 1999 799 2036 siue
821 1999 868 2036 de
896 1999 1075 2036 manibus
1101 1998 1294 2047 ungulatis
1315 1999 1454 2048 quibus
1476 1998 1541 2036 ad-

146 2065 344 2103 haererent
363 2065 529 2114 plumae‚
553 2065 633 2102 siue
652 2071 694 2101 ut
713 2064 845 2102 latiore
866 2077 981 2102 sensu
1001 2064 1208 2114 ungulatus
1229 2064 1402 2114 Typhon
1423 2064 1542 2101 idem-

148 2144 223 2181 que
251 2131 432 2180 pinnatus
460 2130 676 2179 fingeretur‚
698 2131 905 2167 barbarum
935 2130 1118 2180 quiddam
1138 2137 1275 2167 sonat:
1305 2142 1375 2168 nec
1402 2142 1543 2178 ungues

148 2197 328 2235 traditum
347 2202 404 2233 est
423 2196 463 2232 in
483 2194 609 2234 Voss.1
631 2195 697 2233 sed
717 2209 887 2244 unguem.

205 2261 442 2299 Huiusmodi
480 2267 697 2299 monstrum
731 2262 940 2310 grandibus
972 2262 1101 2311 pinnis
1132 2274 1180 2299 ex
1215 2261 1374 2299 summis
1400 2260 1542 2298 umeris

151 2328 454 2378 exsurgentibuS‚
488 2328 567 2365 imo
600 2339 763 2377 corpore
797 2327 836 2364 in
876 2329 1087 2377 anguinam
1122 2327 1293 2377 speciem
1327 2326 1541 2371 terminato,

151 2394 375 2432 Gerhardus
401 2405 448 2430 ex
475 2393 636 2442 antiquo
665 2405 757 2430 uase
789 2393 994 2431 delineauit
1027 2393 1236 2444 (Auserles.
1258 2391 1349 2428 Vas.
1384 2391 1432 2427 iii.
1465 2391 1543 2428 tab.

156 2458 260 2508 237).
290 2458 493 2508 Typhonis
513 2458 612 2496 hanc
632 2458 842 2508 imaginem
867 2459 1037 2508 plerique
1060 2458 1312 2502 crediderunt,
1334 2456 1423 2494 licet
1444 2457 1482 2493 id
1501 2457 1540 2493 in

154 2524 433 2562 dubitationem
453 2536 574 2573 nuper
603 2525 748 2562 uocarit
768 2524 992 2562 Kuhnertus
1013 2524 1051 2560 in
1083 2522 1271 2560 Roscheri
1301 2521 1542 2571 Mythologia
