1786 2878
773 143 842 174 Π]
1070 172 1073 174 ,
1162 143 1163 149 ’
1410 143 1490 187 105

162 257 236 298 537
267 255 345 286 uto
365 254 401 286 et
430 261 494 286 om.
525 245 636 286 Voss.²
663 253 793 297 pateat
824 247 913 286 Cus.
940 254 1095 297 pateant
1124 246 1233 286 Voss}
1259 248 1312 286 bo
1341 248 1491 297 placeat

117 313 228 351 Voss.2
248 314 418 363 Regz'om.
438 314 626 350 Bentleius
651 313 896 350 nascentibus
920 314 1038 350 abore
1069 326 1087 350 o
1114 315 1208 350 unde
1226 314 1419 351 nascentis
1443 314 1491 351 ab

105 391 172 417 ore
200 381 351 416 restitui.
410 381 486 428 538
516 379 754 428 horoscopos
789 377 899 416 Voss.l
928 378 1016 419 Cus,
1044 379 1063 415 b
1093 378 1340 428 horoscopon
1377 377 1492 417 Voss.2

105 452 293 482 memorat
317 445 554 494 horoscopus
579 457 599 481 o
627 444 748 481 sidera
769 456 884 493 quem
912 451 1130 482 memorant
1158 444 1405 494 horoscopon
1434 445 1491 481 in-

105 510 273 547 uenturis
292 509 460 559 Regz'om.
491 510 640 547 Versum
659 509 848 546 Benllez'us
867 513 909 545 ut
933 510 1102 557 spurium
1123 510 1324 555 damnauit,
1346 511 1410 547 cui
1424 510 1491 547 ad-

104 587 230 612 sensus
248 580 302 612 est
317 575 484 613 Iacobus.
543 584 619 622 540
640 575 717 624 agit
743 573 853 611 Voss.l
874 574 893 611 b
909 587 927 611 o
948 575 1010 623 agi
1035 574 1148 612 Voss.2
1172 574 1260 612 Cus.

161 639 386 678 Rectissime
402 640 594 677 Bentleius
610 652 657 677 ex
671 638 802 677 Voss.2
814 641 962 688 placeat
978 652 1015 676 u.
1033 649 1108 688 537
1126 640 1333 686 reuocauit,
1355 640 1491 678 adlatis

104 705 170 755 qui
200 706 340 743 similes
369 713 457 743 sunt
484 705 560 743 loci
589 705 661 742 III.
687 707 761 742 681
798 704 898 742 Sunt
922 705 1053 753 quibus
1080 718 1153 742 esse
1171 706 1304 754 placet,
1326 706 1377 742 II.
1402 719 1489 752 221,

104 770 174 808 IV.
195 780 282 819 227.
338 770 424 808 Nec
443 771 517 808 hoc
542 770 667 808 solum
694 770 793 807 male
819 778 1016 807 exaratum
1041 777 1098 808 est
1128 771 1167 806 in
1187 770 1340 809 Gembl.
1363 771 1429 809 sed
1455 779 1491 809 et

104 835 227 882 horae,
247 848 317 885 pro
347 848 425 886 quo
445 848 546 873 unus
576 835 700 873 codex
724 834 819 873 Con.
844 834 1030 885 Corporis
1054 835 1194 873 Christi
1222 848 1282 872 ore
1310 838 1489 874 seruauit.

105 900 151 938 Id
179 907 217 938 et
247 901 433 938 Huetium
463 908 500 938 et
533 900 750 938 Bentleium
784 907 822 938 et
855 900 1044 938 Iacobum
1076 900 1226 948 fefellit;
1267 909 1323 939 est
1361 909 1491 940 tamen

103 966 357 1003 uerissimum.
432 965 484 1003 Os
521 968 703 1003 nascentis
737 967 832 1003 caeli
860 973 917 1003 est
955 966 1082 1003 uultus
1125 967 1205 1004 siue
1242 966 1358 1004 facies
1398 968 1491 1005 caeli

103 1032 270 1078 orientis,
290 1043 368 1081 qua
396 1031 435 1068 in
463 1038 570 1080 parte
598 1030 836 1080 horoscopos
865 1031 1068 1080 quaeritur.
1135 1031 1186 1069 II.
1212 1042 1283 1080 791
1319 1032 1418 1070 Vnus
1446 1033 1491 1069 ab

103 1101 237 1134 exortu
256 1097 350 1134 caeli
364 1098 545 1134 nascentis
570 1098 609 1133 in
629 1097 746 1133 orbem
772 1095 853 1142 Qua
874 1097 1043 1145 primum
1069 1101 1189 1134 terras
1217 1099 1366 1145 aequali
1380 1099 1493 1135 limile

103 1163 229 1208 cernit,
250 1162 297 1200 cf.
319 1164 394 1210 827
421 1161 500 1208 Qui
525 1166 616 1199 tenet
647 1166 830 1204 exortum,
862 1175 935 1210 qua
964 1164 1134 1210 primum
1165 1163 1288 1199 sidera
1319 1168 1492 1212 surgunt,

114 1227 210 1264 Vnde
240 1228 315 1265 dies
344 1229 440 1264 redit
461 1232 494 1264 et
516 1231 653 1276 tempus
681 1227 851 1264 describit
881 1228 921 1263 in
953 1228 1076 1272 horas,
1110 1227 1190 1264 Hic
1219 1229 1313 1264 inter
1348 1228 1493 1266 Graias

103 1293 320 1342 horoscopus
356 1294 477 1330 editur
513 1293 629 1329 urbes.
695 1293 757 1339 Os,
794 1305 860 1329 ora
894 1293 1117 1341 saepissime
1147 1293 1275 1330 tribuit
1304 1293 1492 1331 sideribus

104 1357 301 1404 Manilius,
331 1358 382 1395 II.
415 1371 490 1407 923
521 1363 554 1395 et
580 1359 695 1395 ueluli
706 1359 852 1408 faciem
873 1359 1005 1394 mundi
1030 1371 1099 1394 sua
1132 1359 1283 1395 collocat
1313 1372 1390 1404 ora,
1413 1370 1492 1408 950

108 1423 298 1472 Tergaque
321 1428 531 1473 prospectat
561 1423 707 1460 Phoebi
738 1424 806 1471 qui
831 1424 981 1459 uiderat
1011 1435 1087 1469 ora,
1110 1423 1157 1459 V.
1190 1437 1250 1471 39,
1282 1426 1370 1470 601,
1401 1425 1492 1462 alias

104 1489 257 1535 uultum,
279 1488 330 1525 ΙΙ.
353 1491 441 1537 396,
465 1498 540 1537 573
560 1503 567 1527 :
600 1488 792 1525 interdum
822 1495 860 1526 et
886 1488 992 1526 caelo
1012 1488 1043 1524 Ι.
1067 1499 1115 1536 35
1140 1488 1277 1525 Allaz'or
1299 1491 1492 1540 ulifizcz'es

104 1554 354 1604 mundiforet,
369 1554 440 1591 ΠΙ.
458 1567 475 1590 2
487 1567 501 1591 1
512 1567 529 1590 2
549 1553 732 1592 Cursibus
747 1555 902 1590 aelernis
917 1554 1091 1590 mundum
1104 1561 1177 1602 per
1188 1556 1298 1603 signa
1314 1556 1492 1592 uolantem

102 1618 333 1668 Exprimere
351 1624 385 1656 et
407 1621 530 1656 uullus
549 1620 625 1656 eius
647 1626 852 1668 componere
871 1623 996 1664 cerlos,
1018 1618 1087 1656 IV.
1109 1629 1181 1667 105
1207 1620 1327 1657 Astra
1355 1625 1496 1658 nouanl

87 1685 247 1735 firmas
265 1685 470 1733 caelumque
489 1686 677 1722 interserit
697 1697 775 1721 ora.

157 1762 192 1787 u.
227 1752 302 1798 538
337 1750 442 1788 haud
475 1750 588 1788 dubie
627 1751 777 1799 spurius
811 1762 859 1786 ne
893 1762 940 1787 ex
976 1749 1289 1798 Regiomontana
1335 1751 1492 1800 quidem

103 1816 372 1853 emendatione
397 1815 467 1866 (sic
500 1816 604 1853 enim
634 1814 797 1866 uidetur)
825 1815 940 1852 habet
970 1815 1260 1853 defensionem:
1297 1817 1360 1854 uix
1387 1818 1491 1854 enim

102 1881 288 1930 pluralem
314 1882 436 1918 sidera
467 1881 515 1919 de
543 1881 762 1930 horoscopo
791 1880 958 1918 dicturus
985 1887 1088 1927 erat3
1119 1886 1160 1917 ut
1184 1880 1276 1918 nihil
1296 1882 1423 1919 dicam
1444 1883 1491 1920 de

103 1947 248 1984 uariato
275 1953 312 1983 et
341 1946 549 1984 fluctuante
577 1946 766 1983 uocabulo
786 1946 1003 1994 horoscopon
1023 1946 1234 1994 horoscopos
1263 1947 1490 1997 horoscopus,

103 2011 210 2061 quod
238 2012 331 2048 mihi
357 2012 515 2061 quidem
545 2011 698 2061 signum
725 2011 896 2048 falsitatis
920 2011 1101 2057 habetur;
1132 2023 1221 2049 curn
1242 2012 1389 2050 soleant
1410 2026 1491 2051 non

103 2089 190 2114 raro
217 2077 354 2114 librarii
387 2077 452 2115 ubi
487 2077 629 2126 aliquid
656 2076 971 2114 commenticium
1005 2077 1175 2125 inrepsit,
1204 2078 1332 2115 turbas
1362 2078 1490 2116 huius-

103 2142 210 2179 modi
239 2142 414 2180 consulto
434 2143 583 2180 inicere.
644 2142 730 2179 Fuit
750 2149 879 2179 tamen
909 2142 1119 2180 inueterata
1145 2143 1374 2191 corruptela,
1401 2156 1490 2181 cum

103 2220 151 2245 ne
183 2206 471 2245 Gemblacensis
505 2207 662 2257 quidem
693 2219 808 2244 uersu
842 2213 988 2244 careat:
1028 2208 1125 2245 sicut
1159 2209 1274 2246 etiam
1308 2209 1347 2245 in
1381 2209 1490 2247 Ibide

103 2272 296 2311 Ouidiana
324 2273 472 2319 accidit,
494 2273 533 2310 in
562 2285 638 2322 qua
667 2272 764 2309 duos
792 2284 924 2310 uersus
953 2273 1017 2322 qui
1052 2285 1125 2321 130
1155 2280 1336 2310 secuntur
1364 2273 1494 2311 Finiat

103 2339 169 2375 illa
189 2339 262 2375 dies
281 2351 371 2387 quae
389 2343 420 2375 le
448 2339 544 2375 mihi
557 2337 747 2374 subu-abet
764 2336 826 2387 (al.
848 2335 935 2388 -hil)
957 2339 1041 2375 olim
1062 2338 1105 2374 F
1102 2340 1192 2375 intel
1217 2340 1284 2375 illa
1303 2339 1380 2375 dies
1399 2352 1492 2387 quae

104 2404 201 2440 mihi
212 2402 274 2453 (al.
295 2402 377 2455 libi)
398 2405 508 2440 larda
539 2404 639 2440 uenit
662 2415 683 2439 a
713 2403 817 2439 nullo
851 2403 989 2440 absunt
1019 2404 1274 2453 antiquiorum
1299 2404 1487 2450 codicum,

104 2469 143 2504 in
169 2469 370 2506 ueterrimo
401 2468 709 2517 Cantabrigiensi
737 2467 811 2518 (G)
832 2480 958 2514 ueros,
978 2469 1080 2506 unde
1111 2469 1264 2506 conflati
1296 2476 1391 2514 sunt,
1422 2482 1489 2507 ex-

104 2533 289 2582 pulerunt.
