1786 2878
287 175 360 217 viii
838 184 1035 218 PRAEFA
1045 185 1135 217 TJO.

287 303 423 329 uersus
461 290 644 340 exscripsi
684 291 737 329 sic
778 297 817 328 ut
852 292 890 328 in
923 290 1198 330 Gemblacensi
1232 290 1355 329 traditi
1391 298 1498 329 sunt:
1547 291 1686 330 deinde

289 357 475 394 lectiones
495 357 684 394 subnexui
706 357 939 406 reliquorum
960 358 1152 396 codicum.
1209 357 1396 403 Elucebst,
1419 357 1491 395 nisi
1514 370 1576 395 me
1596 358 1687 396 fallit

289 422 491 467 sententia,
519 434 591 460 nec
621 422 768 460 Iacobo
797 422 1029 460 credendum
1059 435 1142 460 esse
1172 435 1244 461 nec
1276 422 1486 461 Becherto:
1526 435 1617 461 nam
1646 430 1686 460 ut

289 487 582 525 Gemblacensis
616 500 683 537 per
714 500 753 525 se
787 499 868 525 non
898 488 1036 525 sufficit
1068 488 1118 526 ad
1147 489 1277 526 omnia
1307 488 1601 538 expediendum,
1632 488 1686 526 sic

290 553 502 591 Vossianus
523 553 583 590 ille
604 565 676 590 nec
697 553 947 602 interpolatus
969 554 1081 591 debet
1103 554 1246 598 haberi,
1268 561 1305 592 et
1325 566 1372 591 ex
1393 566 1473 591 uno
1493 565 1540 591 eo
1561 566 1686 604 neque

289 631 337 657 ex
359 619 432 656 alio
447 619 524 657 ullo
544 619 684 668 corrigi
704 626 866 668 possunt
886 619 978 656 uitia
994 632 1093 669 quae
1114 619 1441 658 Gemblacensem
1461 626 1499 657 et
1519 619 1687 670 reliquos

289 685 463 723 eiusdem
484 684 562 722 fere
583 685 717 722 aetatis
737 685 813 721 iarn
834 684 1042 722 inueterata
1063 686 1311 723 obsederunt.

346 750 465 796 Quod
495 751 525 787 si
554 762 622 799 per
652 749 753 787 hunc
784 750 951 787 libellum
981 750 1144 788 effecero
1174 758 1214 788 ut
1243 751 1367 800 magis
1390 750 1474 801 quis
1504 749 1689 799 intelligat

291 817 471 865 antiquos
501 815 657 853 codices
690 815 741 852 ita
774 822 967 865 praestare
997 816 1213 854 recentibus
1241 824 1282 854 ut
1311 816 1367 854 his
1397 824 1527 854 tamen
1557 828 1688 866 super-

292 881 414 919 sederi
452 888 630 930 nequeat,
671 881 768 918 sicut
807 893 1001 931 nusquam
1041 881 1079 918 id
1121 882 1258 920 clarius
1299 882 1551 920 demonstrari
1589 893 1687 928 reor,

292 947 446 985 habebo
485 946 589 997 quod
636 958 831 996 opponam
879 959 941 984 me
984 948 1244 985 incusantibus
1283 948 1392 997 quasi
1431 947 1689 985 astronomica

291 1018 436 1048 temere
468 1010 539 1047 sim
569 1009 773 1058 adgressus
806 1009 926 1047 homo
961 1022 1033 1047 nec
1065 1010 1292 1059 astrologiae
1322 1011 1412 1048 satis
1440 1010 1584 1060 peritus
1617 1021 1688 1047 nec

292 1082 495 1113 astrorum.
569 1074 762 1112 Nimirum
800 1075 839 1112 id
877 1076 1040 1124 agebam
1079 1083 1119 1112 ut
1158 1083 1295 1125 poetae
1329 1088 1400 1114 nec
1437 1076 1587 1125 optimo
1618 1088 1688 1112 nec

293 1148 424 1178 tamen
455 1141 551 1178 inter
578 1141 760 1185 abiectos,
781 1140 833 1177 ibi
863 1140 1067 1190 opitularer
1095 1141 1159 1178 ubi
1187 1142 1399 1178 scribarum
1430 1141 1585 1187 incuria,
1607 1153 1688 1178 non

293 1219 374 1250 sua,
396 1206 608 1253 laboraret3
639 1206 800 1244 certiora
820 1214 953 1256 postea
973 1220 1020 1244 ex
1041 1207 1278 1245 doctioribus
1300 1208 1484 1257 petiturus
1504 1214 1541 1245 et
1560 1207 1688 1256 periti-

292 1273 424 1311 oribus
444 1272 713 1309 astronomiae.
770 1272 821 1309 Et
841 1272 916 1309 hoc
936 1280 993 1310 est
1013 1273 1118 1322 quod
1145 1273 1312 1310 Firmico
1339 1273 1468 1310 minus
1492 1272 1564 1310 sirn
1584 1284 1689 1317 usus,

293 1350 413 1387 quom
431 1337 678 1387 intelligerem
699 1337 802 1375 hunc
824 1338 871 1375 de
892 1350 998 1375 nouo
1018 1338 1209 1376 edendum
1235 1339 1387 1388 suscipi,
1409 1338 1571 1388 plurima
1590 1350 1690 1387 quae

293 1403 462 1440 Firmico
492 1415 581 1440 cum
612 1402 762 1439 Manilii
793 1403 962 1440 carmine
991 1404 1213 1441 communia
1244 1411 1373 1441 essent
1399 1410 1587 1452 occupata
1613 1403 1690 1440 iam

293 1469 441 1518 pridem
472 1481 494 1506 a
519 1468 725 1517 Scaligero.
782 1469 909 1518 Atque
939 1469 1085 1505 utinam
1115 1470 1227 1506 nobis
1247 1470 1384 1518 Anglis
1406 1469 1625 1519 contigisset
1649 1476 1690 1506 ut

293 1534 376 1571 uiro
397 1534 700 1583 incomparabili,
722 1533 884 1582 Hugoni
900 1534 944 1570 A.
964 1534 993 1571 I.
1013 1533 1167 1581 Munro,
1188 1547 1267 1572 non
1290 1535 1393 1584 prius
1413 1542 1512 1572 esset
1533 1535 1692 1584 abrepta

294 1601 371 1637 uita
399 1612 516 1650 quam
547 1600 585 1636 in
616 1599 765 1636 Manilii
792 1599 1063 1637 Astronomica
1095 1600 1251 1637 easdem
1281 1600 1504 1638 contulisset
1533 1606 1571 1638 et
1599 1600 1691 1637 doc-

294 1665 416 1702 trinae
445 1666 546 1702 uires
575 1672 611 1702 et
638 1665 781 1714 ingenii
802 1665 940 1714 quibus
970 1665 1171 1714 aequalem
1200 1678 1272 1702 nec
1302 1665 1433 1703 habuit
1453 1677 1690 1715 quemquam

296 1743 371 1768 nec
392 1730 591 1768 habiturus
611 1737 679 1768 est.
738 1730 813 1768 Sed
833 1738 975 1776 tamen,
993 1738 1179 1780 quantum
1200 1731 1319 1780 potui,
1341 1731 1469 1768 curaui
1490 1731 1690 1780 diligenter

296 1808 345 1832 ne
379 1796 475 1832 ultra
509 1796 696 1846 propositi
729 1796 806 1833 mei
840 1796 1114 1845 praescriptum
1152 1808 1346 1845 euagarer‚
1381 1808 1427 1834 ea
1465 1797 1690 1846 plerumque

294 1862 495 1899 tractando
511 1874 610 1911 quae
631 1873 773 1899 nouam
793 1861 917 1899 lucem
938 1862 1121 1911 adeptura
1141 1862 1202 1900 uel
1221 1874 1268 1899 ex
1285 1862 1488 1900 Thomasii
1508 1862 1609 1899 curis
1630 1862 1691 1899 uel

296 1939 344 1964 ex
367 1939 454 1965 meo
475 1927 599 1965 studio
619 1928 838 1965 iudicarem.

351 1993 532 2030 Ceterum
571 2005 619 2030 ne
658 1993 744 2042 plus
783 1993 916 2031 credar
954 1993 1161 2042 adrogasse
1201 1992 1364 2031 Manilio
1398 2005 1515 2042 quam
1554 2005 1690 2030 aecum

297 2057 430 2104 fuerat,
460 2058 569 2096 liceat
598 2058 660 2096 hic
689 2071 993 2096 commemorare
1024 2059 1129 2109 quod
1159 2065 1312 2097 centum
1344 2059 1419 2097 sere
1448 2065 1536 2096 ante
1566 2071 1690 2096 annos

296 2124 344 2161 de
377 2123 581 2161 (ΞΟΕΤΗΙΟ1
613 2125 792 2162 traditum
827 2126 1056 2174 accepimus.
1113 2125 1152 2162 Is
1182 2126 1284 2162 enim
1315 2136 1435 2175 quom
1464 2124 1524 2161 die
1553 2131 1690 2173 quarto

298 2188 533 2237 Septembris
560 2190 650 2226 anni
683 2192 782 2238 1784
810 2190 1017 2239 Hercyniis
1045 2191 1237 2228 montibus
1258 2190 1422 2239 (Ilarlz)
1443 2190 1512 2226 iter
1533 2189 1689 2234 faciens,

298 2267 386 2292 cum
412 2254 585 2291 familiari
617 2255 653 2291 in
684 2256 720 2292 id
750 2256 881 2305 iugum
913 2257 1173 2294 adscendisset
1201 2256 1307 2306 quod
1336 2255 1452 2293 hodie
1476 2255 1690 2304 appellatur

299 2318 480 2365 Brocl.·en‚
509 2320 713 2358 comitante
744 2333 895 2371 semper
924 2322 1167 2359 serenissimo
1195 2321 1302 2359 caelo
1332 2322 1484 2371 (immer
1514 2321 1689 2369 begleitet

299 2397 373 2422 von
412 2385 500 2422 dem
539 2385 699 2423 hellsten
740 2387 943 2437 Hinnnel),
978 2388 1015 2424 in
1054 2388 1189 2424 librum
1222 2388 1286 2437 qui
1322 2387 1501 2435 inscripta
1535 2386 1690 2434 gerebat

342 2514 351 2532 ³
381 2515 467 2548 Bries
481 2528 517 2547 zu
536 2517 617 2547 Fran
636 2528 696 2547 von
715 2517 802 2548 stein
818 2528 867 2548 no
883 2519 943 2558 518
959 2519 1007 2550 cd.
1023 2518 1133 2550 Scholl
1152 2519 1244 2557 1885,
1259 2529 1355 2559 quern
1372 2517 1479 2549 locum
1497 2517 1689 2549 monstrauit·

298 2567 377 2598 mihi
395 2569 517 2600 amicus
535 2578 624 2600 meus
640 2568 838 2600 Cuthbertus
855 2570 984 2602 §hields
999 2582 1037 2603 ex
1054 2571 1151 2602 sociis
1169 2570 1312 2611 Collegii
1330 2570 1486 2610 Corporis
1503 2569 1634 2601 Christi.
