<?xml version="1.0" encoding="UTF-8"?>
<!DOCTYPE html PUBLIC "-//W3C//DTD XHTML 1.0 Transitional//EN"
    "http://www.w3.org/TR/xhtml1/DTD/xhtml1-transitional.dtd">
<html xmlns="http://www.w3.org/1999/xhtml" xml:lang="en" lang="en">
 <head>
  <title>
</title>
<meta http-equiv="Content-Type" content="text/html;charset=utf-8" />
  <meta name='ocr-system' content='tesseract 3.04.00' />
  <meta name='ocr-capabilities' content='ocr_page ocr_carea ocr_par ocr_line ocrx_word'/>
</head>
<body>
  <div class='ocr_page' id='page_1' title='image "./noctesmanilianae00elliuoft_0090.png"; bbox 0 0 1786 2878; ppageno 0'>
   <div class='ocr_carea' id='block_1_1' title="bbox 221 153 1182 200">
    <p class='ocr_par' dir='ltr' id='par_1_1' title="bbox 221 153 1182 200">
     <span class='ocr_line' id='line_1_1' title="bbox 221 153 1182 200; baseline -0.004 -12"><span class='ocrx_word' id='word_1_1' title='bbox 221 157 274 200; x_wconf 91' lang='lat'>70</span> <span class='ocrx_word' id='word_1_2' title='bbox 627 154 824 187; x_wconf 85' lang='lat' dir='ltr'><em>NOCTES</em></span> <span class='ocrx_word' id='word_1_3' title='bbox 851 153 1182 185; x_wconf 80' lang='lat' dir='ltr'><em>MANJLJANAE</em></span> 
     </span>
    </p>
   </div>
   <div class='ocr_carea' id='block_1_2' title="bbox 220 258 1625 2594">
    <p class='ocr_par' dir='ltr' id='par_1_2' title="bbox 220 258 1625 2594">
     <span class='ocr_line' id='line_1_2' title="bbox 221 258 1610 312; baseline -0.003 -11"><span class='ocrx_word' id='word_1_4' title='bbox 221 268 376 312; x_wconf 91' lang='lat' dir='ltr'>sumpta</span> <span class='ocrx_word' id='word_1_5' title='bbox 405 261 613 300; x_wconf 83' lang='lat' dir='ltr'>occasione</span> <span class='ocrx_word' id='word_1_6' title='bbox 644 261 698 298; x_wconf 90' lang='lat' dir='ltr'>sic</span> <span class='ocrx_word' id='word_1_7' title='bbox 729 259 777 298; x_wconf 89' lang='lat' dir='ltr'>ad</span> <span class='ocrx_word' id='word_1_8' title='bbox 806 260 1005 310; x_wconf 84' lang='lat' dir='ltr'>regionem</span> <span class='ocrx_word' id='word_1_9' title='bbox 1036 273 1086 305; x_wconf 84' lang='lat' dir='ltr'>xr,</span> <span class='ocrx_word' id='word_1_10' title='bbox 1108 272 1206 310; x_wconf 86' lang='lat' dir='ltr'>quae</span> <span class='ocrx_word' id='word_1_11' title='bbox 1235 271 1388 297; x_wconf 89' lang='lat' dir='ltr'>summo</span> <span class='ocrx_word' id='word_1_12' title='bbox 1417 258 1525 298; x_wconf 88' lang='lat' dir='ltr'>caelo</span> <span class='ocrx_word' id='word_1_13' title='bbox 1552 266 1610 297; x_wconf 90' lang='lat' dir='ltr'>est</span> 
     </span>
     <span class='ocr_line' id='line_1_3' title="bbox 220 325 1609 377; baseline -0.001 -13"><span class='ocrx_word' id='word_1_14' title='bbox 220 328 410 377; x_wconf 86' lang='lat' dir='ltr'>proxima,</span> <span class='ocrx_word' id='word_1_15' title='bbox 431 325 664 371; x_wconf 89' lang='lat' dir='ltr'>transeundi,</span> <span class='ocrx_word' id='word_1_16' title='bbox 682 325 757 364; x_wconf 93' lang='lat' dir='ltr'>hoc</span> <span class='ocrx_word' id='word_1_17' title='bbox 779 338 893 363; x_wconf 87' lang='lat' dir='ltr'>sensu</span> <span class='ocrx_word' id='word_1_18' title='bbox 908 339 916 363; x_wconf 94' lang='lat'><strong>:</strong></span> <span class='ocrx_word' id='word_1_19' title='bbox 950 330 958 344; x_wconf 92' lang='lat'>‘</span> <span class='ocrx_word' id='word_1_20' title='bbox 972 325 1024 362; x_wconf 90' lang='lat' dir='ltr'>At</span> <span class='ocrx_word' id='word_1_21' title='bbox 1043 337 1143 375; x_wconf 90' lang='lat' dir='ltr'>quae</span> <span class='ocrx_word' id='word_1_22' title='bbox 1160 325 1265 374; x_wconf 88' lang='lat' dir='ltr'>regio</span> <span class='ocrx_word' id='word_1_23' title='bbox 1280 325 1448 374; x_wconf 84' lang='lat' dir='ltr'>uestigiis</span> <span class='ocrx_word' id='word_1_24' title='bbox 1464 325 1609 362; x_wconf 90' lang='lat' dir='ltr'>instans</span> 
     </span>
     <span class='ocr_line' id='line_1_4' title="bbox 223 390 1611 442; baseline -0.001 -13"><span class='ocrx_word' id='word_1_25' title='bbox 223 392 430 442; x_wconf 83' lang='lat' dir='ltr'>Typhonis</span> <span class='ocrx_word' id='word_1_26' title='bbox 449 392 552 429; x_wconf 88' lang='lat' dir='ltr'>uiam</span> <span class='ocrx_word' id='word_1_27' title='bbox 572 391 621 429; x_wconf 90' lang='lat' dir='ltr'>ad</span> <span class='ocrx_word' id='word_1_28' title='bbox 641 391 794 429; x_wconf 87' lang='lat' dir='ltr'>excelsa</span> <span class='ocrx_word' id='word_1_29' title='bbox 814 391 910 429; x_wconf 89' lang='lat' dir='ltr'>caeli</span> <span class='ocrx_word' id='word_1_30' title='bbox 931 391 1120 429; x_wconf 89' lang='lat' dir='ltr'>adfectat:</span> <span class='ocrx_word' id='word_1_31' title='bbox 1137 390 1145 406; x_wconf 88' lang='grc'><strong>’</strong></span> <span class='ocrx_word' id='word_1_32' title='bbox 1175 402 1266 427; x_wconf 90' lang='lat' dir='ltr'>nam</span> <span class='ocrx_word' id='word_1_33' title='bbox 1287 390 1317 427; x_wconf 89' lang='lat' dir='ltr'>is</span> <span class='ocrx_word' id='word_1_34' title='bbox 1339 390 1407 427; x_wconf 88' lang='lat' dir='ltr'>iter</span> <span class='ocrx_word' id='word_1_35' title='bbox 1427 390 1550 428; x_wconf 88' lang='lat' dir='ltr'>moliri</span> <span class='ocrx_word' id='word_1_36' title='bbox 1571 391 1611 427; x_wconf 91' lang='lat' dir='ltr'>in</span> 
     </span>
     <span class='ocr_line' id='line_1_5' title="bbox 224 444 1612 507; baseline -0.001 -12"><span class='ocrx_word' id='word_1_37' title='bbox 224 458 435 507; x_wconf 86' lang='lat' dir='ltr'>Olympum</span> <span class='ocrx_word' id='word_1_38' title='bbox 456 465 617 495; x_wconf 89' lang='lat' dir='ltr'>conatus</span> <span class='ocrx_word' id='word_1_39' title='bbox 637 463 728 494; x_wconf 88' lang='lat' dir='ltr'>erat.</span> <span class='ocrx_word' id='word_1_40' title='bbox 784 455 973 507; x_wconf 79' lang='lat' dir='ltr'>Re&#39;flczntis</span> <span class='ocrx_word' id='word_1_41' title='bbox 992 455 1129 494; x_wconf 90' lang='lat' dir='ltr'>eadem</span> <span class='ocrx_word' id='word_1_42' title='bbox 1149 444 1328 492; x_wconf 83' lang='lat' dir='ltr'>mensura</span> <span class='ocrx_word' id='word_1_43' title='bbox 1348 455 1513 504; x_wconf 88' lang='lat' dir='ltr'>positum</span> <span class='ocrx_word' id='word_1_44' title='bbox 1535 467 1612 505; x_wconf 88' lang='lat' dir='ltr'>qua</span> 
     </span>
     <span class='ocr_line' id='line_1_6' title="bbox 222 515 1522 570; baseline -0.002 -13"><span class='ocrx_word' id='word_1_45' title='bbox 222 521 374 570; x_wconf 60' lang='lat' dir='ltr'>reflexit</span> <span class='ocrx_word' id='word_1_46' title='bbox 391 519 493 568; x_wconf 88' lang='lat' dir='ltr'>apud</span> <span class='ocrx_word' id='word_1_47' title='bbox 513 518 661 556; x_wconf 87' lang='lat' dir='ltr'>Lucret.</span> <span class='ocrx_word' id='word_1_48' title='bbox 682 518 731 556; x_wconf 91' lang='lat' dir='ltr'>iii.</span> <span class='ocrx_word' id='word_1_49' title='bbox 755 529 844 566; x_wconf 91' lang='lat'>501,</span> <span class='ocrx_word' id='word_1_50' title='bbox 865 519 1107 569; x_wconf 65' lang='lat' dir='ltr'>reflorescente</span> <span class='ocrx_word' id='word_1_51' title='bbox 1126 518 1228 567; x_wconf 90' lang='lat' dir='ltr'>apud</span> <span class='ocrx_word' id='word_1_52' title='bbox 1251 517 1312 554; x_wconf 87' lang='lat' dir='ltr'>Sil.</span> <span class='ocrx_word' id='word_1_53' title='bbox 1333 530 1392 554; x_wconf 87' lang='lat' dir='ltr'>xv.</span> <span class='ocrx_word' id='word_1_54' title='bbox 1417 528 1435 565; x_wconf 90' lang='lat'>7</span> <span class='ocrx_word' id='word_1_55' title='bbox 1442 515 1522 570; x_wconf 85' lang='lat'><strong>38.]</strong></span> 
     </span>
     <span class='ocr_line' id='line_1_7' title="bbox 278 582 1557 634; baseline -0.001 -12"><span class='ocrx_word' id='word_1_56' title='bbox 278 584 366 622; x_wconf 88' lang='lat' dir='ltr'>Non</span> <span class='ocrx_word' id='word_1_57' title='bbox 388 585 426 622; x_wconf 90' lang='lat' dir='ltr'>in</span> <span class='ocrx_word' id='word_1_58' title='bbox 447 597 508 622; x_wconf 89' lang='lat' dir='ltr'>nec</span> <span class='ocrx_word' id='word_1_59' title='bbox 529 584 782 634; x_wconf 87' lang='lat' dir='ltr'>deprauatum</span> <span class='ocrx_word' id='word_1_60' title='bbox 802 590 871 629; x_wconf 87' lang='lat' dir='ltr'>est,</span> <span class='ocrx_word' id='word_1_61' title='bbox 893 590 934 621; x_wconf 92' lang='lat' dir='ltr'>ut</span> <span class='ocrx_word' id='word_1_62' title='bbox 953 583 992 620; x_wconf 89' lang='lat' dir='ltr'>in</span> <span class='ocrx_word' id='word_1_63' title='bbox 1012 583 1101 622; x_wconf 88' lang='lat' dir='ltr'>loco</span> <span class='ocrx_word' id='word_1_64' title='bbox 1121 583 1341 621; x_wconf 85' lang='lat' dir='ltr'>difficillimo</span> <span class='ocrx_word' id='word_1_65' title='bbox 1361 582 1390 619; x_wconf 97' lang='lat' dir='ltr'>I.</span> <span class='ocrx_word' id='word_1_66' title='bbox 1415 592 1557 631; x_wconf 87' lang='lat'><strong>70-72.</strong></span> 
     </span>
     <span class='ocr_line' id='line_1_8' title="bbox 791 649 1504 699; baseline -0.003 -12"><span class='ocrx_word' id='word_1_67' title='bbox 791 649 992 698; x_wconf 86' lang='lat' dir='ltr'>uariosque</span> <span class='ocrx_word' id='word_1_68' title='bbox 1022 649 1102 686; x_wconf 89' lang='lat' dir='ltr'>dies</span> <span class='ocrx_word' id='word_1_69' title='bbox 1131 649 1350 699; x_wconf 86' lang='lat' dir='ltr'>incertaque</span> <span class='ocrx_word' id='word_1_70' title='bbox 1379 649 1504 686; x_wconf 91' lang='lat' dir='ltr'>noctis</span> 
     </span>
     <span class='ocr_line' id='line_1_9' title="bbox 387 714 1490 764; baseline -0.001 -12"><span class='ocrx_word' id='word_1_71' title='bbox 387 714 597 764; x_wconf 83' lang='lat' dir='ltr'>Tempora,</span> <span class='ocrx_word' id='word_1_72' title='bbox 627 727 699 752; x_wconf 88' lang='lat' dir='ltr'>non</span> <span class='ocrx_word' id='word_1_73' title='bbox 728 714 870 752; x_wconf 89' lang='lat' dir='ltr'>similes</span> <span class='ocrx_word' id='word_1_74' title='bbox 898 715 1066 759; x_wconf 84' lang='lat' dir='ltr'>umbras,</span> <span class='ocrx_word' id='word_1_75' title='bbox 1094 714 1171 752; x_wconf 90' lang='lat' dir='ltr'>iarn</span> <span class='ocrx_word' id='word_1_76' title='bbox 1200 714 1279 752; x_wconf 86' lang='lat' dir='ltr'>sole</span> <span class='ocrx_word' id='word_1_77' title='bbox 1309 725 1490 763; x_wconf 87' lang='lat' dir='ltr'>regresso,</span> 
     </span>
     <span class='ocr_line' id='line_1_10' title="bbox 387 779 1429 830; baseline -0.003 -12"><span class='ocrx_word' id='word_1_78' title='bbox 387 781 471 818; x_wconf 92' lang='lat' dir='ltr'>Iam</span> <span class='ocrx_word' id='word_1_79' title='bbox 500 781 691 830; x_wconf 88' lang='lat' dir='ltr'>propiore,</span> <span class='ocrx_word' id='word_1_80' title='bbox 722 780 798 818; x_wconf 87' lang='lat' dir='ltr'>suis</span> <span class='ocrx_word' id='word_1_81' title='bbox 828 786 1005 829; x_wconf 83' lang='lat' dir='ltr'>poterant</span> <span class='ocrx_word' id='word_1_82' title='bbox 1035 779 1265 830; x_wconf 84' lang='lat' dir='ltr'>dignoscere</span> <span class='ocrx_word' id='word_1_83' title='bbox 1294 779 1429 817; x_wconf 89' lang='lat' dir='ltr'>causis.</span> 
     </span>
     <span class='ocr_line' id='line_1_11' title="bbox 226 845 952 884; baseline -0.001 -1"><span class='ocrx_word' id='word_1_84' title='bbox 226 846 290 884; x_wconf 92' lang='lat' dir='ltr'>ubi</span> <span class='ocrx_word' id='word_1_85' title='bbox 310 846 348 882; x_wconf 92' lang='lat' dir='ltr'>in</span> <span class='ocrx_word' id='word_1_86' title='bbox 368 846 549 884; x_wconf 88' lang='lat' dir='ltr'>omnibus</span> <span class='ocrx_word' id='word_1_87' title='bbox 570 845 683 884; x_wconf 90' lang='lat' dir='ltr'>codd.</span> <span class='ocrx_word' id='word_1_88' title='bbox 700 859 763 882; x_wconf 80' lang='lat' dir='ltr'>nec</span> <span class='ocrx_word' id='word_1_89' title='bbox 782 845 952 883; x_wconf 87' lang='lat' dir='ltr'>traditur.</span> 
     </span>
     <span class='ocr_line' id='line_1_12' title="bbox 281 911 432 949; baseline -0.013 0"><span class='ocrx_word' id='word_1_90' title='bbox 281 911 332 949; x_wconf 91' lang='lat' dir='ltr'>II.</span> <span class='ocrx_word' id='word_1_91' title='bbox 355 911 432 948; x_wconf 83' lang='lat'>886</span> 
     </span>
     <span class='ocr_line' id='line_1_13' title="bbox 388 975 1396 1025; baseline -0.002 -11"><span class='ocrx_word' id='word_1_92' title='bbox 388 976 585 1024; x_wconf 80' lang='lat' dir='ltr'>Quocirca</span> <span class='ocrx_word' id='word_1_93' title='bbox 613 976 772 1014; x_wconf 88' lang='lat' dir='ltr'>minime</span> <span class='ocrx_word' id='word_1_94' title='bbox 802 976 939 1013; x_wconf 90' lang='lat' dir='ltr'>mirum</span> <span class='ocrx_word' id='word_1_95' title='bbox 970 975 1002 1013; x_wconf 89' lang='lat' dir='ltr'>si</span> <span class='ocrx_word' id='word_1_96' title='bbox 1030 975 1211 1025; x_wconf 86' lang='lat' dir='ltr'>proxima</span> <span class='ocrx_word' id='word_1_97' title='bbox 1243 987 1396 1013; x_wconf 88' lang='lat' dir='ltr'>summo</span> 
     </span>
     <span class='ocr_line' id='line_1_14' title="bbox 387 1040 1430 1091; baseline -0.002 -12"><span class='ocrx_word' id='word_1_98' title='bbox 387 1042 514 1091; x_wconf 87' lang='lat' dir='ltr'>Atque</span> <span class='ocrx_word' id='word_1_99' title='bbox 543 1041 680 1079; x_wconf 89' lang='lat' dir='ltr'>eadem</span> <span class='ocrx_word' id='word_1_100' title='bbox 709 1042 864 1079; x_wconf 90' lang='lat' dir='ltr'>interior</span> <span class='ocrx_word' id='word_1_101' title='bbox 891 1041 1113 1079; x_wconf 90' lang='lat' dir='ltr'>ueneranda</span> <span class='ocrx_word' id='word_1_102' title='bbox 1141 1047 1241 1079; x_wconf 85' lang='lat' dir='ltr'>sorte</span> <span class='ocrx_word' id='word_1_103' title='bbox 1271 1040 1430 1078; x_wconf 87' lang='lat' dir='ltr'>dicatur.</span> 
     </span>
     <span class='ocr_line' id='line_1_15' title="bbox 283 1105 1614 1158; baseline -0.002 -14"><span class='ocrx_word' id='word_1_104' title='bbox 283 1107 344 1145; x_wconf 89' lang='lat' dir='ltr'>Sic</span> <span class='ocrx_word' id='word_1_105' title='bbox 365 1105 517 1144; x_wconf 88' lang='lat' dir='ltr'>Gembl.</span> <span class='ocrx_word' id='word_1_106' title='bbox 539 1113 575 1144; x_wconf 90' lang='lat' dir='ltr'>et</span> <span class='ocrx_word' id='word_1_107' title='bbox 599 1107 712 1144; x_wconf 89' lang='lat' dir='ltr'>ceteri</span> <span class='ocrx_word' id='word_1_108' title='bbox 736 1106 891 1145; x_wconf 86' lang='lat' dir='ltr'>codices</span> <span class='ocrx_word' id='word_1_109' title='bbox 912 1106 982 1144; x_wconf 90' lang='lat' dir='ltr'>nisi</span> <span class='ocrx_word' id='word_1_110' title='bbox 1002 1106 1108 1158; x_wconf 93' lang='lat' dir='ltr'>quod</span> <span class='ocrx_word' id='word_1_111' title='bbox 1128 1119 1147 1144; x_wconf 89' lang='lat' dir='ltr'>o</span> <span class='ocrx_word' id='word_1_112' title='bbox 1167 1106 1282 1144; x_wconf 90' lang='lat' dir='ltr'>habet</span> <span class='ocrx_word' id='word_1_113' title='bbox 1301 1106 1614 1143; x_wconf 83' lang='lat' dir='ltr'>mz&#39;nimeimz&#39;rum.</span> 
     </span>
     <span class='ocr_line' id='line_1_16' title="bbox 229 1172 776 1210; baseline -0.002 0"><span class='ocrx_word' id='word_1_114' title='bbox 229 1172 366 1210; x_wconf 82' lang='lat' dir='ltr'>Fuitne</span> <span class='ocrx_word' id='word_1_115' title='bbox 387 1173 534 1209; x_wconf 85' lang='lat' dir='ltr'>minime</span> <span class='ocrx_word' id='word_1_116' title='bbox 552 1173 596 1209; x_wconf 86' lang='lat' dir='ltr'>id</span> <span class='ocrx_word' id='word_1_117' title='bbox 611 1174 746 1210; x_wconf 83' lang='lat' dir='ltr'>mirum</span> <span class='ocrx_word' id='word_1_118' title='bbox 755 1175 776 1209; x_wconf 65' lang='grc' dir='ltr'>,Ρ</span> 
     </span>
     <span class='ocr_line' id='line_1_17' title="bbox 285 1237 885 1287; baseline 0 -12"><span class='ocrx_word' id='word_1_119' title='bbox 285 1240 376 1287; x_wconf 89' lang='lat'>897,</span> <span class='ocrx_word' id='word_1_120' title='bbox 398 1239 420 1274; x_wconf 85' lang='lat'>8</span> <span class='ocrx_word' id='word_1_121' title='bbox 443 1238 498 1275; x_wconf 88' lang='lat' dir='ltr'>sic</span> <span class='ocrx_word' id='word_1_122' title='bbox 520 1244 650 1275; x_wconf 82' lang='lat' dir='ltr'>extant</span> <span class='ocrx_word' id='word_1_123' title='bbox 670 1238 711 1274; x_wconf 90' lang='lat' dir='ltr'>in</span> <span class='ocrx_word' id='word_1_124' title='bbox 733 1237 885 1276; x_wconf 91' lang='lat' dir='ltr'>Gembl.</span> 
     </span>
     <span class='ocr_line' id='line_1_18' title="bbox 391 1302 1372 1352; baseline 0 -12"><span class='ocrx_word' id='word_1_125' title='bbox 391 1302 613 1340; x_wconf 89' lang='lat' dir='ltr'>Demonien</span> <span class='ocrx_word' id='word_1_126' title='bbox 641 1309 861 1340; x_wconf 87' lang='lat' dir='ltr'>memorant</span> <span class='ocrx_word' id='word_1_127' title='bbox 883 1302 966 1352; x_wconf 88' lang='lat' dir='ltr'>grai</span> <span class='ocrx_word' id='word_1_128' title='bbox 997 1302 1179 1340; x_wconf 87' lang='lat' dir='ltr'>Romana</span> <span class='ocrx_word' id='word_1_129' title='bbox 1208 1315 1277 1352; x_wconf 87' lang='lat' dir='ltr'>per</span> <span class='ocrx_word' id='word_1_130' title='bbox 1305 1314 1372 1341; x_wconf 89' lang='lat' dir='ltr'>ora</span> 
     </span>
     <span class='ocr_line' id='line_1_19' title="bbox 390 1368 981 1415; baseline -0.002 -10"><span class='ocrx_word' id='word_1_131' title='bbox 390 1368 597 1415; x_wconf 82' lang='lat' dir='ltr'>Quaeritur</span> <span class='ocrx_word' id='word_1_132' title='bbox 627 1368 666 1405; x_wconf 90' lang='lat' dir='ltr'>in</span> <span class='ocrx_word' id='word_1_133' title='bbox 694 1380 809 1406; x_wconf 88' lang='lat' dir='ltr'>uersu</span> <span class='ocrx_word' id='word_1_134' title='bbox 839 1368 981 1405; x_wconf 90' lang='lat' dir='ltr'>titulus.</span> 
     </span>
     <span class='ocr_line' id='line_1_20' title="bbox 284 1431 1617 1483; baseline -0.001 -12"><span class='ocrx_word' id='word_1_135' title='bbox 284 1437 358 1483; x_wconf 85' lang='lat'>897</span> <span class='ocrx_word' id='word_1_136' title='bbox 391 1434 471 1482; x_wconf 89' lang='lat' dir='ltr'>grai</span> <span class='ocrx_word' id='word_1_137' title='bbox 491 1447 510 1471; x_wconf 92' lang='lat'><strong><em>0</em></strong></span> <span class='ocrx_word' id='word_1_138' title='bbox 529 1438 563 1471; x_wconf 80' lang='lat' dir='ltr'>et</span> <span class='ocrx_word' id='word_1_139' title='bbox 583 1433 672 1471; x_wconf 83' lang='lat' dir='ltr'><em>Cus.</em></span> <span class='ocrx_word' id='word_1_140' title='bbox 731 1436 807 1482; x_wconf 89' lang='grc'>898</span> <span class='ocrx_word' id='word_1_141' title='bbox 829 1434 984 1471; x_wconf 90' lang='lat' dir='ltr'>inuerso</span> <span class='ocrx_word' id='word_1_142' title='bbox 1014 1431 1125 1471; x_wconf 63' lang='lat' dir='ltr'>Voss-,¹</span> <span class='ocrx_word' id='word_1_143' title='bbox 1149 1432 1237 1471; x_wconf 84' lang='lat' dir='ltr'>Cus.</span> <span class='ocrx_word' id='word_1_144' title='bbox 1258 1445 1277 1470; x_wconf 95' lang='lat'><em>0</em></span> <span class='ocrx_word' id='word_1_145' title='bbox 1322 1433 1476 1470; x_wconf 87' lang='lat' dir='ltr'>inuersu</span> <span class='ocrx_word' id='word_1_146' title='bbox 1506 1431 1617 1470; x_wconf 78' lang='lat' dir='ltr'>Voss.²</span> 
     </span>
     <span class='ocr_line' id='line_1_21' title="bbox 282 1496 1618 1548; baseline -0.001 -12"><span class='ocrx_word' id='word_1_147' title='bbox 282 1499 479 1537; x_wconf 86' lang='lat' dir='ltr'>Bentleius</span> <span class='ocrx_word' id='word_1_148' title='bbox 500 1506 686 1548; x_wconf 90' lang='lat' dir='ltr'>tanquam</span> <span class='ocrx_word' id='word_1_149' title='bbox 711 1499 823 1536; x_wconf 88' lang='lat' dir='ltr'>unice</span> <span class='ocrx_word' id='word_1_150' title='bbox 848 1511 984 1536; x_wconf 90' lang='lat' dir='ltr'>uerum</span> <span class='ocrx_word' id='word_1_151' title='bbox 1004 1505 1129 1536; x_wconf 89' lang='lat' dir='ltr'>tuetur</span> <span class='ocrx_word' id='word_1_152' title='bbox 1148 1499 1186 1536; x_wconf 89' lang='lat' dir='ltr'>id</span> <span class='ocrx_word' id='word_1_153' title='bbox 1206 1498 1310 1548; x_wconf 92' lang='lat' dir='ltr'>quod</span> <span class='ocrx_word' id='word_1_154' title='bbox 1330 1498 1444 1536; x_wconf 84' lang='lat' dir='ltr'>habet</span> <span class='ocrx_word' id='word_1_155' title='bbox 1466 1496 1618 1536; x_wconf 91' lang='lat' dir='ltr'>Gembl.</span> 
     </span>
     <span class='ocr_line' id='line_1_22' title="bbox 229 1563 1618 1603; baseline -0.001 0"><span class='ocrx_word' id='word_1_156' title='bbox 229 1571 266 1603; x_wconf 86' lang='lat' dir='ltr'>et</span> <span class='ocrx_word' id='word_1_157' title='bbox 286 1563 415 1602; x_wconf 82' lang='lat' dir='ltr'>Voss.2</span> <span class='ocrx_word' id='word_1_158' title='bbox 432 1566 471 1601; x_wconf 85' lang='lat' dir='ltr'>in</span> <span class='ocrx_word' id='word_1_159' title='bbox 491 1577 612 1601; x_wconf 82' lang='lat' dir='ltr'>uersu.</span> <span class='ocrx_word' id='word_1_160' title='bbox 663 1564 864 1602; x_wconf 87' lang='lat' dir='ltr'>Suboritur</span> <span class='ocrx_word' id='word_1_161' title='bbox 885 1571 1015 1601; x_wconf 88' lang='lat' dir='ltr'>tamen</span> <span class='ocrx_word' id='word_1_162' title='bbox 1037 1564 1223 1602; x_wconf 88' lang='lat' dir='ltr'>dubitatio</span> <span class='ocrx_word' id='word_1_163' title='bbox 1244 1576 1337 1600; x_wconf 91' lang='lat' dir='ltr'>num</span> <span class='ocrx_word' id='word_1_164' title='bbox 1357 1575 1538 1601; x_wconf 90' lang='lat' dir='ltr'>uersuum</span> <span class='ocrx_word' id='word_1_165' title='bbox 1557 1563 1618 1601; x_wconf 89' lang='lat' dir='ltr'>hic</span> 
     </span>
     <span class='ocr_line' id='line_1_23' title="bbox 229 1628 1617 1678; baseline -0.001 -12"><span class='ocrx_word' id='word_1_166' title='bbox 229 1630 466 1667; x_wconf 90' lang='lat' dir='ltr'>mentionem</span> <span class='ocrx_word' id='word_1_167' title='bbox 496 1629 677 1667; x_wconf 89' lang='lat' dir='ltr'>Manilius</span> <span class='ocrx_word' id='word_1_168' title='bbox 708 1630 913 1667; x_wconf 89' lang='lat' dir='ltr'>iniecturus</span> <span class='ocrx_word' id='word_1_169' title='bbox 944 1629 1067 1667; x_wconf 88' lang='lat' dir='ltr'>fuerit.</span> <span class='ocrx_word' id='word_1_170' title='bbox 1126 1629 1361 1678; x_wconf 87' lang='lat' dir='ltr'>Quanquam</span> <span class='ocrx_word' id='word_1_171' title='bbox 1400 1629 1503 1666; x_wconf 84' lang='lat' dir='ltr'>enirn</span> <span class='ocrx_word' id='word_1_172' title='bbox 1542 1628 1617 1666; x_wconf 92' lang='lat' dir='ltr'>III.</span> 
     </span>
     <span class='ocr_line' id='line_1_24' title="bbox 231 1693 1621 1744; baseline -0.001 -13"><span class='ocrx_word' id='word_1_173' title='bbox 231 1707 360 1742; x_wconf 90' lang='lat'>40—42</span> <span class='ocrx_word' id='word_1_174' title='bbox 393 1695 482 1732; x_wconf 89' lang='lat' dir='ltr'>dicit</span> <span class='ocrx_word' id='word_1_175' title='bbox 515 1694 572 1732; x_wconf 84' lang='lat' dir='ltr'>Et</span> <span class='ocrx_word' id='word_1_176' title='bbox 597 1696 636 1732; x_wconf 87' lang='lat' dir='ltr'>si</span> <span class='ocrx_word' id='word_1_177' title='bbox 660 1708 733 1744; x_wconf 81' lang='lat' dir='ltr'>qua</span> <span class='ocrx_word' id='word_1_178' title='bbox 764 1699 921 1733; x_wconf 77' lang='lat' dir='ltr'>externa</span> <span class='ocrx_word' id='word_1_179' title='bbox 953 1695 1161 1742; x_wconf 71' lang='lat' dir='ltr'>refirentur</span> <span class='ocrx_word' id='word_1_180' title='bbox 1193 1695 1341 1731; x_wconf 84' lang='lat' dir='ltr'>nomina</span> <span class='ocrx_word' id='word_1_181' title='bbox 1374 1695 1505 1742; x_wconf 78' lang='lat' dir='ltr'>lingua</span> <span class='ocrx_word' id='word_1_182' title='bbox 1534 1693 1621 1731; x_wconf 88' lang='lat' dir='ltr'>Hoc</span> 
     </span>
     <span class='ocr_line' id='line_1_25' title="bbox 229 1760 1620 1810; baseline -0.001 -13"><span class='ocrx_word' id='word_1_183' title='bbox 229 1762 357 1810; x_wconf 74' lang='lat' dir='ltr'>operis,</span> <span class='ocrx_word' id='word_1_184' title='bbox 375 1773 445 1797; x_wconf 82' lang='lat' dir='ltr'>non</span> <span class='ocrx_word' id='word_1_185' title='bbox 465 1762 594 1806; x_wconf 81' lang='lat' dir='ltr'>uatis,</span> <span class='ocrx_word' id='word_1_186' title='bbox 614 1762 713 1804; x_wconf 84' lang='lat' dir='ltr'>erit,·</span> <span class='ocrx_word' id='word_1_187' title='bbox 744 1773 814 1797; x_wconf 86' lang='lat' dir='ltr'>non</span> <span class='ocrx_word' id='word_1_188' title='bbox 827 1762 950 1797; x_wconf 81' lang='lat' dir='ltr'>omnia</span> <span class='ocrx_word' id='word_1_189' title='bbox 961 1761 1071 1810; x_wconf 86' lang='lat' dir='ltr'>flecti</span> <span class='ocrx_word' id='word_1_190' title='bbox 1085 1760 1254 1797; x_wconf 81' lang='lat' dir='ltr'>Possunt</span> <span class='ocrx_word' id='word_1_191' title='bbox 1269 1764 1304 1796; x_wconf 80' lang='lat' dir='ltr'>et</span> <span class='ocrx_word' id='word_1_192' title='bbox 1313 1761 1473 1808; x_wconf 79' lang='lat' dir='ltr'>propria</span> <span class='ocrx_word' id='word_1_193' title='bbox 1493 1761 1620 1796; x_wconf 87' lang='lat' dir='ltr'>melius</span> 
     </span>
     <span class='ocr_line' id='line_1_26' title="bbox 229 1824 1620 1874; baseline 0 -12"><span class='ocrx_word' id='word_1_194' title='bbox 229 1826 296 1863; x_wconf 80' lang='lat' dir='ltr'>sub</span> <span class='ocrx_word' id='word_1_195' title='bbox 324 1839 406 1862; x_wconf 84' lang='lat' dir='ltr'>uoce</span> <span class='ocrx_word' id='word_1_196' title='bbox 425 1830 611 1871; x_wconf 81' lang='lat' dir='ltr'>notantur,</span> <span class='ocrx_word' id='word_1_197' title='bbox 629 1826 800 1862; x_wconf 88' lang='lat' dir='ltr'>uersibus</span> <span class='ocrx_word' id='word_1_198' title='bbox 816 1832 945 1862; x_wconf 89' lang='lat' dir='ltr'>tamen</span> <span class='ocrx_word' id='word_1_199' title='bbox 967 1826 1056 1873; x_wconf 85' lang='lat'>916,</span> <span class='ocrx_word' id='word_1_200' title='bbox 1081 1834 1101 1873; x_wconf 87' lang='lat'>7</span> <span class='ocrx_word' id='word_1_201' title='bbox 1120 1825 1183 1874; x_wconf 90' lang='lat' dir='ltr'>qui</span> <span class='ocrx_word' id='word_1_202' title='bbox 1203 1824 1310 1862; x_wconf 90' lang='lat' dir='ltr'>locus</span> <span class='ocrx_word' id='word_1_203' title='bbox 1331 1831 1387 1861; x_wconf 86' lang='lat' dir='ltr'>est</span> <span class='ocrx_word' id='word_1_204' title='bbox 1407 1824 1620 1862; x_wconf 86' lang='lat' dir='ltr'>simillimus</span> 
     </span>
     <span class='ocr_line' id='line_1_27' title="bbox 231 1889 1622 1940; baseline -0.001 -12"><span class='ocrx_word' id='word_1_205' title='bbox 231 1897 364 1928; x_wconf 84' lang='lat' dir='ltr'>nostro</span> <span class='ocrx_word' id='word_1_206' title='bbox 385 1891 489 1928; x_wconf 88' lang='lat' dir='ltr'>Huic</span> <span class='ocrx_word' id='word_1_207' title='bbox 502 1892 611 1940; x_wconf 75' lang='lat' dir='ltr'>parti</span> <span class='ocrx_word' id='word_1_208' title='bbox 628 1890 709 1928; x_wconf 82' lang='lat' dir='ltr'>Dea</span> <span class='ocrx_word' id='word_1_209' title='bbox 733 1903 858 1928; x_wconf 81' lang='lat' dir='ltr'>nomen</span> <span class='ocrx_word' id='word_1_210' title='bbox 879 1892 950 1927; x_wconf 76' lang='lat' dir='ltr'>erit</span> <span class='ocrx_word' id='word_1_211' title='bbox 967 1890 1144 1927; x_wconf 80' lang='lat' dir='ltr'>Romana</span> <span class='ocrx_word' id='word_1_212' title='bbox 1159 1897 1229 1939; x_wconf 78' lang='lat' dir='ltr'>per</span> <span class='ocrx_word' id='word_1_213' title='bbox 1249 1903 1327 1937; x_wconf 82' lang='lat' dir='ltr'>ora,</span> <span class='ocrx_word' id='word_1_214' title='bbox 1354 1889 1513 1928; x_wconf 69' lang='lat' dir='ltr'>Graecia</span> <span class='ocrx_word' id='word_1_215' title='bbox 1540 1903 1622 1928; x_wconf 86' lang='lat' dir='ltr'>uoce</span> 
     </span>
     <span class='ocr_line' id='line_1_28' title="bbox 231 1954 1625 2006; baseline 0 -13"><span class='ocrx_word' id='word_1_216' title='bbox 231 1969 299 1994; x_wconf 84' lang='lat' dir='ltr'>sua</span> <span class='ocrx_word' id='word_1_217' title='bbox 337 1957 483 1993; x_wconf 71' lang='lat' dir='ltr'>titulum</span> <span class='ocrx_word' id='word_1_218' title='bbox 522 1957 694 2005; x_wconf 57' lang='lat' dir='ltr'>designat</span> <span class='ocrx_word' id='word_1_219' title='bbox 723 1957 883 2003; x_wconf 78' lang='lat' dir='ltr'>eundem,</span> <span class='ocrx_word' id='word_1_220' title='bbox 918 1966 992 2005; x_wconf 81' lang='lat'>937</span> <span class='ocrx_word' id='word_1_221' title='bbox 1028 1957 1160 1993; x_wconf 71' lang='lat' dir='ltr'>titulus</span> <span class='ocrx_word' id='word_1_222' title='bbox 1196 1969 1298 2005; x_wconf 80' lang='lat' dir='ltr'>quem</span> <span class='ocrx_word' id='word_1_223' title='bbox 1341 1954 1504 1993; x_wconf 80' lang='lat' dir='ltr'>Graecia</span> <span class='ocrx_word' id='word_1_224' title='bbox 1522 1956 1625 2006; x_wconf 76' lang='lat' dir='ltr'>ficit</span> 
     </span>
     <span class='ocr_line' id='line_1_29' title="bbox 232 2019 1621 2071; baseline -0.001 -12"><span class='ocrx_word' id='word_1_225' title='bbox 232 2021 488 2067; x_wconf 66' lang='lat' dir='ltr'>Daemonium,</span> <span class='ocrx_word' id='word_1_226' title='bbox 523 2021 568 2058; x_wconf 87' lang='lat' dir='ltr'>de</span> <span class='ocrx_word' id='word_1_227' title='bbox 603 2022 710 2070; x_wconf 87' lang='lat' dir='ltr'>poesi</span> <span class='ocrx_word' id='word_1_228' title='bbox 741 2021 834 2058; x_wconf 90' lang='lat' dir='ltr'>nihil</span> <span class='ocrx_word' id='word_1_229' title='bbox 869 2021 1012 2059; x_wconf 89' lang='lat' dir='ltr'>dictum</span> <span class='ocrx_word' id='word_1_230' title='bbox 1046 2028 1113 2058; x_wconf 88' lang='lat' dir='ltr'>est.</span> <span class='ocrx_word' id='word_1_231' title='bbox 1170 2023 1318 2058; x_wconf 81' lang='lat' dir='ltr'>z&#39;nuerso</span> <span class='ocrx_word' id='word_1_232' title='bbox 1356 2027 1482 2058; x_wconf 88' lang='lat' dir='ltr'>autem</span> <span class='ocrx_word' id='word_1_233' title='bbox 1513 2019 1621 2071; x_wconf 84' lang='lat' dir='ltr'>(nam</span> 
     </span>
     <span class='ocr_line' id='line_1_30' title="bbox 232 2085 1621 2137; baseline 0 -13"><span class='ocrx_word' id='word_1_234' title='bbox 232 2086 457 2136; x_wconf 86' lang='lat' dir='ltr'>generaliter</span> <span class='ocrx_word' id='word_1_235' title='bbox 483 2087 543 2124; x_wconf 90' lang='lat' dir='ltr'>hie</span> <span class='ocrx_word' id='word_1_236' title='bbox 574 2087 751 2136; x_wconf 90' lang='lat' dir='ltr'>loquitur,</span> <span class='ocrx_word' id='word_1_237' title='bbox 777 2093 818 2124; x_wconf 89' lang='lat' dir='ltr'>ut</span> <span class='ocrx_word' id='word_1_238' title='bbox 844 2087 958 2125; x_wconf 89' lang='lat' dir='ltr'>etiam</span> <span class='ocrx_word' id='word_1_239' title='bbox 989 2089 1065 2134; x_wconf 86' lang='lat'>885</span> <span class='ocrx_word' id='word_1_240' title='bbox 1090 2088 1273 2135; x_wconf 78' lang='lat' dir='ltr'>proxima</span> <span class='ocrx_word' id='word_1_241' title='bbox 1300 2085 1456 2137; x_wconf 86' lang='lat' dir='ltr'>summo)</span> <span class='ocrx_word' id='word_1_242' title='bbox 1477 2087 1621 2135; x_wconf 89' lang='lat' dir='ltr'>optime</span> 
     </span>
     <span class='ocr_line' id='line_1_31' title="bbox 233 2151 1622 2202; baseline -0.001 -13"><span class='ocrx_word' id='word_1_243' title='bbox 233 2164 419 2201; x_wconf 81' lang='lat' dir='ltr'>usurpare</span> <span class='ocrx_word' id='word_1_244' title='bbox 433 2152 556 2201; x_wconf 79' lang='lat' dir='ltr'>potuit</span> <span class='ocrx_word' id='word_1_245' title='bbox 571 2152 616 2189; x_wconf 87' lang='lat' dir='ltr'>de</span> <span class='ocrx_word' id='word_1_246' title='bbox 637 2165 683 2190; x_wconf 89' lang='lat' dir='ltr'>eo</span> <span class='ocrx_word' id='word_1_247' title='bbox 700 2153 804 2202; x_wconf 89' lang='lat' dir='ltr'>quod</span> <span class='ocrx_word' id='word_1_248' title='bbox 822 2153 997 2190; x_wconf 88' lang='lat' dir='ltr'>tralatum</span> <span class='ocrx_word' id='word_1_249' title='bbox 1014 2159 1071 2189; x_wconf 86' lang='lat' dir='ltr'>est</span> <span class='ocrx_word' id='word_1_250' title='bbox 1090 2165 1112 2189; x_wconf 88' lang='lat' dir='ltr'>a</span> <span class='ocrx_word' id='word_1_251' title='bbox 1127 2151 1365 2189; x_wconf 87' lang='lat' dir='ltr'>Graecorum</span> <span class='ocrx_word' id='word_1_252' title='bbox 1386 2163 1562 2189; x_wconf 86' lang='lat' dir='ltr'>sermone</span> <span class='ocrx_word' id='word_1_253' title='bbox 1583 2152 1622 2188; x_wconf 90' lang='lat' dir='ltr'>in</span> 
     </span>
     <span class='ocr_line' id='line_1_32' title="bbox 235 2217 1622 2266; baseline 0 -12"><span class='ocrx_word' id='word_1_254' title='bbox 235 2217 426 2255; x_wconf 85' lang='lat' dir='ltr'>Latinum.</span> <span class='ocrx_word' id='word_1_255' title='bbox 485 2217 580 2254; x_wconf 85' lang='lat' dir='ltr'>Tac.</span> <span class='ocrx_word' id='word_1_256' title='bbox 612 2218 712 2253; x_wconf 87' lang='lat' dir='ltr'>Ann.</span> <span class='ocrx_word' id='word_1_257' title='bbox 742 2231 801 2254; x_wconf 71' lang='lat' dir='ltr'>XV.</span> <span class='ocrx_word' id='word_1_258' title='bbox 834 2220 882 2266; x_wconf 83' lang='lat'>63</span> <span class='ocrx_word' id='word_1_259' title='bbox 913 2219 1088 2266; x_wconf 70' lang='lat' dir='ltr'>pleraque</span> <span class='ocrx_word' id='word_1_260' title='bbox 1116 2219 1274 2255; x_wconf 79' lang='lat' dir='ltr'>tradidit</span> <span class='ocrx_word' id='word_1_261' title='bbox 1301 2230 1391 2266; x_wconf 81' lang='lat' dir='ltr'>quae</span> <span class='ocrx_word' id='word_1_262' title='bbox 1419 2218 1459 2253; x_wconf 84' lang='lat' dir='ltr'>in</span> <span class='ocrx_word' id='word_1_263' title='bbox 1488 2217 1622 2266; x_wconf 79' lang='lat' dir='ltr'>uulgus</span> 
     </span>
     <span class='ocr_line' id='line_1_33' title="bbox 234 2283 1038 2333; baseline 0 -14"><span class='ocrx_word' id='word_1_264' title='bbox 234 2284 329 2319; x_wconf 81' lang='lat' dir='ltr'>edita</span> <span class='ocrx_word' id='word_1_265' title='bbox 360 2285 436 2320; x_wconf 82' lang='lat' dir='ltr'>eius</span> <span class='ocrx_word' id='word_1_266' title='bbox 465 2283 585 2319; x_wconf 79' lang='lat' dir='ltr'>uerbis</span> <span class='ocrx_word' id='word_1_267' title='bbox 615 2285 793 2319; x_wconf 81' lang='lat' dir='ltr'>inuertere</span> <span class='ocrx_word' id='word_1_268' title='bbox 821 2284 1038 2333; x_wconf 77' lang='lat' dir='ltr'>supersedeo.</span> 
     </span>
     <span class='ocr_line' id='line_1_34' title="bbox 291 2347 1179 2397; baseline -0.002 -11"><span class='ocrx_word' id='word_1_269' title='bbox 291 2348 340 2386; x_wconf 93' lang='lat' dir='ltr'>II.</span> <span class='ocrx_word' id='word_1_270' title='bbox 364 2350 552 2397; x_wconf 83' lang='grc'>898-900</span> <span class='ocrx_word' id='word_1_271' title='bbox 574 2348 627 2386; x_wconf 90' lang='lat' dir='ltr'>sic</span> <span class='ocrx_word' id='word_1_272' title='bbox 651 2355 780 2386; x_wconf 78' lang='lat' dir='ltr'>extant</span> <span class='ocrx_word' id='word_1_273' title='bbox 799 2349 837 2385; x_wconf 89' lang='lat' dir='ltr'>in</span> <span class='ocrx_word' id='word_1_274' title='bbox 859 2349 1010 2386; x_wconf 84' lang='lat' dir='ltr'>Gembl.</span> <span class='ocrx_word' id='word_1_275' title='bbox 1031 2356 1068 2386; x_wconf 91' lang='lat' dir='ltr'>et</span> <span class='ocrx_word' id='word_1_276' title='bbox 1089 2347 1179 2386; x_wconf 91' lang='lat' dir='ltr'>Cus.</span> 
     </span>
     <span class='ocr_line' id='line_1_35' title="bbox 990 2412 1366 2461; baseline -0.005 -10"><span class='ocrx_word' id='word_1_277' title='bbox 990 2415 1061 2451; x_wconf 89' lang='lat' dir='ltr'>sub</span> <span class='ocrx_word' id='word_1_278' title='bbox 1090 2413 1205 2451; x_wconf 90' lang='lat' dir='ltr'>corde</span> <span class='ocrx_word' id='word_1_279' title='bbox 1238 2412 1366 2461; x_wconf 85' lang='lat' dir='ltr'>sagaci</span> 
     </span>
     <span class='ocr_line' id='line_1_36' title="bbox 399 2477 1482 2529; baseline -0.001 -13"><span class='ocrx_word' id='word_1_280' title='bbox 399 2478 535 2516; x_wconf 89' lang='lat' dir='ltr'>Conde</span> <span class='ocrx_word' id='word_1_281' title='bbox 565 2478 693 2516; x_wconf 88' lang='lat' dir='ltr'>locum</span> <span class='ocrx_word' id='word_1_282' title='bbox 724 2491 944 2529; x_wconf 86' lang='lat' dir='ltr'>numenque</span> <span class='ocrx_word' id='word_1_283' title='bbox 974 2479 1033 2516; x_wconf 92' lang='lat' dir='ltr'>dei</span> <span class='ocrx_word' id='word_1_284' title='bbox 1065 2490 1286 2527; x_wconf 87' lang='lat' dir='ltr'>nomenque</span> <span class='ocrx_word' id='word_1_285' title='bbox 1317 2477 1482 2527; x_wconf 85' lang='lat' dir='ltr'>potentis</span> 
     </span>
     <span class='ocr_line' id='line_1_37' title="bbox 399 2543 1483 2594; baseline -0.001 -12"><span class='ocrx_word' id='word_1_286' title='bbox 399 2545 510 2591; x_wconf 89' lang='lat' dir='ltr'>Quae</span> <span class='ocrx_word' id='word_1_287' title='bbox 543 2545 606 2582; x_wconf 91' lang='lat' dir='ltr'>tibi</span> <span class='ocrx_word' id='word_1_288' title='bbox 637 2545 826 2594; x_wconf 85' lang='lat' dir='ltr'>posterius</span> <span class='ocrx_word' id='word_1_289' title='bbox 857 2557 1019 2594; x_wconf 87' lang='lat' dir='ltr'>magnos</span> <span class='ocrx_word' id='word_1_290' title='bbox 1049 2550 1273 2581; x_wconf 87' lang='lat' dir='ltr'>reuocantur</span> <span class='ocrx_word' id='word_1_291' title='bbox 1302 2543 1350 2580; x_wconf 88' lang='lat' dir='ltr'>ad</span> <span class='ocrx_word' id='word_1_292' title='bbox 1381 2555 1483 2581; x_wconf 78' lang='lat' dir='ltr'>usuS.</span> 
     </span>
    </p>
   </div>
  </div>
 </body>
</html>
