1786 2878
227 140 243 167 1
255 138 306 167 20
640 133 834 166 NOCTES
862 133 1192 165 ltmNJLJANAE

225 241 414 279 cationem
449 239 575 286 habet,
607 247 647 277 ut
682 241 763 289 ipse
798 239 990 277 Breiterus
1023 239 1250 284 confitetur3
1299 244 1355 276 est
1393 238 1494 276 enim
1530 238 1551 275 i.
1573 248 1610 287 q.

224 313 447 355 arroganter
467 306 619 355 spernit.
668 305 785 354 Atqui
806 307 923 341 uictor
943 304 1179 342 retinendum
1201 316 1282 341 esse
1303 303 1468 341 clamant
1488 311 1612 340 ueter-

224 372 309 408 rimi
343 371 507 416 codices,
537 370 675 408 clamat
710 370 929 407 Plautinum
966 369 1068 414 illud,
1101 369 1205 419 quod
1239 368 1437 407 Pomanus
1468 368 1612 412 adtulit,

225 438 360 473 uirtute
397 437 503 472 dixit
537 449 602 473 uos
638 436 792 472 uictores
830 436 953 472 uiuere
966 449 984 478 ,·
1033 441 1166 472 contra
1203 435 1296 471 uicto
1335 446 1383 471 ne
1422 433 1614 471 Bentleius

225 501 392 550 quidem,
422 501 485 550 qui
524 501 562 538 id
599 513 645 538 ex
677 500 778 537 Rud.
808 501 856 537 iii.
891 513 922 536 2.
955 509 975 548 7
1006 499 1136 537 Facile
1168 500 1228 536 lzz'c
1261 500 1335 548 lcge
1357 501 1479 548 potius
1511 500 1618 536 liceat

225 579 335 616 quam
362 567 406 602 ui
430 567 522 602 uicto
552 568 676 603 uiuere
702 572 842 603 tutatus
869 572 936 611 est,
959 565 1049 603 satis
1079 571 1144 602 aut
1172 564 1253 602 aliis
1282 571 1346 601 aut
1376 565 1446 602 sibi
1476 564 1615 613 adpro-

226 632 340 670 bauit.
409 631 542 681 Itaque
573 631 749 681 quamuis
784 637 820 668 et
851 630 1046 668 Bentleius
1080 638 1116 668 et
1144 630 1205 667 alii
1237 630 1454 679 complures
1482 630 1616 666 uitium

227 696 449 735 subodorati
470 697 545 734 sint
564 697 602 733 in
622 696 692 734 illis
712 695 797 733 Hoc
817 696 922 733 habet
938 696 1003 733 hoc
1022 696 1194 741 studium,
1215 695 1289 733 huc
1310 707 1413 733 nunc
1440 695 1617 733 reuoluor

226 770 267 799 ut
306 762 466 799 retinere
499 774 544 799 ea
578 761 709 799 malim
744 773 859 812 quarn
894 761 1038 810 scripto
1074 761 1158 798 Hoc
1195 766 1287 807 auel,
1321 761 1386 798 hoc
1422 761 1621 797 sludz'umst

227 826 476 864 iniucundam
524 833 559 864 et
603 827 859 876 inspeciosam
902 827 1216 865 consecutionem
1260 825 1398 863 inferre
1446 825 1618 862 orationi.

229 891 333 930 Nam
366 892 531 941 superbis
564 892 719 942 quidem
753 904 844 929 uere
879 892 1058 929 traditum
1097 904 1178 929 esse
1211 903 1435 941 persuasum
1468 890 1618 927 habeo:

229 958 455 994 meminerat
475 957 572 994 Aen.
592 957 664 994 viii.
691 959 763 1005 196
778 957 1004 1007 foribusque
1029 957 1167 1006 adfixa
1194 957 1359 1006 superbis
1383 956 1464 993 Ora
1494 957 1619 992 uirum

229 1022 547 1071 trzktz'pendebanl
567 1023 712 1072 pallida
736 1023 827 1069 tabo,
848 1022 896 1060 ib.
920 1032 991 1070 721
1015 1021 1130 1059 Dona
1160 1023 1382 1071 recognoscit
1400 1022 1619 1070 populorum

229 1093 399 1138 aptatque
417 1088 583 1137 superbis
602 1087 789 1125 Postibus.

284 1174 353 1213 IV.
378 1186 465 1222 200,
489 1187 559 1213 201
584 1175 639 1213 sic
658 1182 789 1212 extant
810 1175 848 1211 in
868 1174 1022 1212 Gembl.

393 1240 441 1277 In
469 1240 563 1278 uitio
592 1241 720 1278 bonus
749 1247 789 1277 ut
818 1247 969 1278 teneros
998 1240 1123 1289 pudor
1152 1240 1311 1289 impedit
1340 1252 1463 1277 annos

393 1304 618 1355 Magnaque
648 1312 805 1342 naturae
835 1305 1053 1343 cohibendo
1083 1317 1244 1343 munera
1272 1305 1405 1342 frenat.

631 1380 651 1400 u

230 1416 358 1452 bonus
376 1421 417 1451 ut
439 1413 527 1452 Cus.
549 1413 672 1461 bonas
691 1421 733 1450 ut
751 1414 856 1463 szs.
878 1414 1002 1451 bonas
1021 1420 1062 1451 ut
1093 1413 1215 1459 Voss.²‚
1238 1427 1309 1451 non
1330 1415 1453 1452 bonas
1475 1414 1525 1452 in.
1576 1414 1623 1451 In

231 1480 325 1517 uitio
345 1480 492 1516 bonus:
522 1486 559 1516 at
584 1478 755 1528 Scaliger
775 1479 938 1527 Ingenio
960 1480 1108 1516 bonus:
1139 1486 1176 1516 at
1192 1478 1390 1518 Benlleius.

287 1544 501 1594 Descripsit
521 1551 634 1582 natos
650 1545 721 1581 sub
733 1544 893 1594 Virgine
914 1546 1095 1592 189-199
1112 1556 1119 1580 :
1150 1551 1230 1581 tum
1250 1545 1418 1582 adnectit
1437 1556 1534 1593 quae
1555 1544 1624 1581 has

233 1610 343 1648 dotes
369 1617 611 1659 conpensant
637 1609 738 1657 uitia,
761 1610 950 1659 pudorem
977 1610 1161 1660 inprimis.
1217 1609 1353 1659 Itaque
1383 1609 1627 1648 scribendum

232 1682 313 1713 erat

396 1740 443 1777 In
470 1739 562 1778 uitio
591 1741 696 1778 bona
724 1747 812 1777 sunt
838 1738 954 1790 (si-10:
984 1746 1135 1777 teneros
1159 1739 1284 1789 pudor
1309 1740 1467 1789 impedit
1489 1751 1625 1785 annos,

234 1806 271 1844 h.
287 1818 319 1843 e.
343 1805 412 1843 sed
436 1804 575 1842 horum
604 1805 643 1842 in
671 1805 868 1842 uirtutibus
897 1805 995 1842 inest
1025 1805 1128 1853 quod
1156 1805 1250 1842 uitio
1277 1805 1465 1854 imputes;
1502 1805 1626 1842 solent

235 1883 320 1908 esse
354 1870 594 1919 pudibundi3
643 1870 717 1908 hoc
751 1870 963 1919 proborum
994 1870 1149 1919 quidem
1185 1877 1253 1916 est,
1283 1877 1395 1908 nocet
1429 1878 1558 1907 tamen
1590 1876 1627 1907 et

236 1935 512 1985 impedimento
547 1942 603 1973 est
641 1936 847 1973 utentibus.
921 1935 1002 1981 Est,
1033 1942 1073 1972 ut
1107 1947 1196 1972 uere
1230 1935 1414 1973 intellexit
1449 1935 1627 1985 Scaliger,

236 2002 421 2048 ὀξύμωρον.

292 2066 440 2103 Locum
476 2065 670 2104 Bentleius
708 2066 882 2104 tractauit
921 2065 1188 2104 infelicissime.
1249 2066 1352 2113 Quid
1391 2067 1441 2103 ad
1475 2066 1626 2116 palaeo—

239 2131 436 2181 graphiam
476 2131 649 2169 uitiosius
685 2132 748 2169 illo
782 2131 936 2181 Ingenio
969 2132 1108 2168 bonus:
1149 2135 1220 2168 at.)
1275 2132 1378 2177 Quid
1414 2132 1628 2181 peruersius

239 2209 355 2246 quarn
387 2196 425 2233 id
456 2209 594 2245 negare
625 2197 730 2246 quod
763 2197 968 2234 rectissime
999 2196 1168 2246 Scaliger
1198 2196 1440 2243 intellexerat,
1471 2198 1628 2235 subesse

239 2262 365 2299 uerbis
391 2262 592 2308 ὀξὺμωρονὲ

293 2338 363 2376 IV.
388 2352 476 2387 213,
500 2352 573 2385 214
597 2339 648 2376 sic
671 2346 757 2376 sunt
777 2340 813 2376 in
836 2339 987 2376 Gembl.

406 2404 497 2441 Non
527 2405 602 2441 alio
633 2405 756 2454 potius
785 2405 934 2453 genitus
964 2406 1009 2442 sit
1041 2404 1194 2442 Seruius
1225 2413 1335 2449 astro,

905 2470 956 2501 uel
980 2484 988 2499 ι
1003 2480 1077 2500 uam

406 2513 483 2559 Qui
513 2514 615 2562 leges
646 2514 770 2563 potius
801 2515 926 2563 posuit
957 2481 1045 2551 etim
1076 2515 1154 2551 iura
1185 2514 1325 2551 retexit.
