1786 2878
190 131 271 176 152
604 126 800 159 NOCTES
827 125 1157 157 MANJLJANAE

188 241 374 280 excidisse
390 254 399 288 3
429 239 583 290 lepidam
604 238 642 275 in
662 238 831 287 tepidam,
851 237 962 274 lirias
981 237 1020 274 in
1041 235 1180 282 Sirius,
1199 234 1290 273 illud
1309 241 1350 274 ut
1370 234 1573 283 Bentleius,

187 307 262 346 hoc
282 313 322 344 ut
343 317 428 355 ego,
451 304 628 353 corrigit:
658 304 857 352 Aquarius
875 314 956 340 non
974 308 1105 340 mutat.

242 371 433 410 Breiterus
452 382 516 407 uu.
541 371 629 418 798,
655 378 730 416 799
752 368 803 406 sic
824 367 955 405 scribit

351 434 576 483 Aegyptum
605 431 654 469 ad
683 430 850 479 tepidam
880 429 1017 479 Tyrias
1047 428 1249 479 Syriasque
1278 429 1423 479 recepit

350 498 401 536 Et
431 498 593 536 Cilicum
624 496 748 545 gentis
775 495 901 534 uicina
928 502 966 533 et
994 495 1187 544 Aquarius
1216 506 1318 531 arua.

189 565 323 602 Vnum
343 563 444 602 addo
471 562 577 612 quod
602 561 942 611 praetermiseram.
993 560 1094 598 Actu
1121 572 1198 610 qua
1224 560 1502 609 significatione
1529 559 1578 597 sit

189 631 358 681 positum
385 628 554 667 ostendit
573 626 713 664 Paulus
732 626 835 664 Festi
858 639 895 676 p.
921 635 966 674 17
994 638 1023 663 s.
1044 638 1079 662 u.
1100 626 1266 671 Actuosz}
1294 624 1430 674 (Actus
1457 626 1576 674 signi-

179 693 293 746 ficat)
318 695 418 731 modo
442 697 574 730 molum
598 693 763 741 corporis
784 696 827 728 ut
843 692 1064 729 histrionum
1090 696 1124 728 et
1145 692 1364 728 saltatorum
1385 692 1454 740 qui
1467 691 1577 727 etiam

189 774 240 799 ex
259 761 324 798 hoc
343 761 419 808 ipso
440 758 584 795 actuosi
603 758 789 794 dicuntur.
847 756 960 795 Ouid.
984 756 1153 794 Halieut.
1177 766 1236 804 71,
1267 769 1286 793 2
1316 756 1468 794 Celsaue
1495 768 1577 793 cum

190 839 291 863 caeso
328 826 548 861 decorantur
585 827 691 872 terga
723 823 819 859 leone
858 819 980 873 (equi)
1019 820 1138 868 Quam
1171 823 1336 859 tumidus
1377 826 1579 871 quantoque

191 892 291 928 uenit
328 889 534 939 spectabilis
571 893 665 926 actu.
735 887 870 937 Itaque
912 887 1009 924 nudo
1046 892 1132 924 actu
1169 887 1260 925 dicit
1297 895 1448 925 motum
1485 887 1579 925 nudi

191 952 394 1007 corporis]

246 1021 316 1059 IV.
339 1023 411 1058 801
437 1032 520 1070 sqq.
542 1019 596 1057 sic
615 1025 745 1056 extant
764 1018 803 1055 in
822 1017 975 1056 Gembl.

355 1085 529 1123 Piscibus
557 1084 719 1122 eufrates
747 1083 857 1122 datus
885 1090 942 1121 est
970 1084 1035 1121 ubi
1063 1084 1179 1134 piscis
1208 1091 1367 1135 uruptor

668 1159 680 1179 1

356 1194 456 1232 Cum
485 1193 632 1242 fugeret
661 1192 809 1242 tphona
837 1204 960 1230 uenus
989 1193 1160 1230 subsedit
1189 1193 1228 1230 in
1257 1194 1383 1240 undis,

192 1273 317 1323 pisces
346 1269 460 1309 Voss.2
488 1277 647 1319 uruptor
671 1268 757 1307 Cus.
789 1268 902 1306 Voss.²
930 1269 1094 1319 irruptor
1122 1269 1235 1308 Voss.1
1275 1271 1380 1320 pisce
1401 1272 1473 1309 sub
1497 1277 1581 1309 atro

203 1338 349 1376 Vossius
370 1337 474 1386 pisce
494 1336 564 1372 sub
585 1334 682 1372 hirto
703 1333 859 1371 Iacobus
878 1334 982 1384 pisce
1003 1336 1163 1373 suborto
1183 1348 1256 1385 ego.

260 1402 406 1452 Hygin.
436 1400 480 1438 P.
512 1400 558 1437 A.
585 1400 619 1436 ii.
653 1412 703 1448 30
736 1399 920 1448 Diogenes
952 1399 1190 1449 Erythraeus
1223 1402 1279 1438 ait
1309 1401 1467 1450 quodam
1495 1406 1581 1438 tem-

184 1476 277 1518 pore
301 1467 464 1504 Venerem
485 1478 565 1502 cum
593 1464 776 1514 Cupidine
783 1465 870 1514 filio
893 1466 933 1501 in
954 1464 1108 1514 &riam
1128 1467 1181 1502 ad
1183 1467 1328 1516 flumen
1348 1466 1582 1516 Euphratem

193 1535 342 1578 uenisse,
371 1536 405 1569 et
434 1532 548 1568 eodem
582 1531 655 1567 loco
688 1534 827 1579 repente
861 1530 1035 1579 ijhona
1059 1532 1223 1580 giganta
1253 1561 1260 1568 .
1285 1560 1292 1568 .
1314 1562 1321 1569 .
1353 1533 1580 1581 apparuisse.

205 1599 370 1636 Venerem
399 1601 518 1634 aulem
544 1609 624 1633 cum
641 1596 728 1645 filio
751 1597 790 1632 in
804 1597 949 1647 flumen
978 1609 1014 1633 se
1038 1598 1246 1645 proiecisse,
1276 1602 1311 1634 et
1338 1597 1394 1634 ibi
1407 1598 1583 1647 figuram

185 1665 348 1714 piscium
359 1663 498 1713 forma
524 1666 681 1698 mutasse
695 1675 709 1699 .·
739 1674 807 1710 quo
820 1662 944 1710 facto,
962 1663 1130 1711 periculo
1157 1676 1230 1699 esse
1256 1663 1435 1700 liberatos.
1494 1662 1585 1709 Qua

196 1742 286 1768 cum
315 1728 532 1765 narratione
561 1727 656 1764 mire
692 1727 868 1776 congruit
902 1734 1074 1764 nostrum
1108 1728 1263 1773 suborto,
1293 1740 1382 1766 cum
1415 1728 1455 1764 in
1488 1728 1584 1765 deae

197 1795 359 1843 figuram
378 1792 602 1830 successerit
624 1792 737 1841 piscis
761 1792 905 1829 forma:
937 1804 1028 1829 nam
1053 1793 1296 1830 suboriuntur
1323 1805 1421 1843 quae
1451 1800 1515 1831 aut
1543 1805 1584 1831 se

195 1861 279 1910 ipsa
297 1864 485 1896 renouant
500 1866 563 1894 aut
578 1857 616 1894 in
634 1857 762 1895 locum
782 1857 862 1894 eius
878 1857 981 1907 quod
997 1857 1065 1895 fuit
1081 1858 1300 1896 succedunt.
1332 1858 1477 1897 Cf.111.
1492 1860 1584 1907 508.

251 1924 320 1962 IV.
343 1926 416 1961 821
441 1935 526 1972 sqq.
546 1923 599 1960 sic
620 1929 750 1959 extant
770 1923 807 1959 in
828 1922 980 1960 Gembl.

363 1988 514 2026 Scilicet
542 1988 720 2025 inmenso
749 1987 840 2025 nihil
870 1995 925 2025 est
955 1988 1114 2037 aequale
1144 1990 1215 2026 sub
1245 2001 1342 2027 aeuo

361 2054 648 2103 Perpetuosque
678 2060 781 2091 tenet
808 2053 922 2091 flores
951 2065 1148 2104 unumque
1178 2062 1350 2092 tenorem

361 2119 563 2156 Mutantur
592 2118 661 2156 sed
690 2125 829 2156 cuncta
860 2119 923 2156 diu
952 2119 1177 2169 uariamque
1205 2132 1272 2169 per
1301 2132 1423 2158 annos

362 2185 412 2222 Et
440 2184 606 2222 fecunda
635 2184 713 2221 suis
743 2184 952 2221 subsistunt
981 2184 1151 2234 frugibus
1181 2197 1272 2222 arua

363 2249 653 2298 Continuosque
683 2255 825 2297 negant
854 2255 985 2298 partus
1013 2249 1125 2287 effeta
1154 2249 1334 2287 creando.

260 2318 307 2353 82
315 2328 336 2364 3
375 2314 440 2352 diu
479 2314 578 2351 codd.
620 2314 680 2351 die
723 2312 936 2352 Gronouius
986 2315 1177 2352 Obseruat.
1216 2315 1238 2351 i.
1281 2327 1299 2352 2
1339 2315 1587 2364 adstipulante

202 2380 375 2417 Bentleio.
434 2379 533 2416 Idem
562 2380 669 2415 etiam
708 2379 895 2429 Wilhofius
925 2381 1133 2417 adnotarat.
1201 2381 1276 2427 824
1310 2378 1393 2417 Nec
1425 2380 1587 2417 Huett'us

203 2445 253 2482 Et
270 2474 277 2480 .
296 2474 302 2481 .
321 2474 327 2481 .
346 2445 531 2482 absistunt
551 2444 747 2481 Reum-ius.
816 2448 892 2494 825
924 2449 931 2464 ‘
947 2452 1088 2495 negant
1107 2459 1158 2484 ex
1177 2451 1291 2495 negat
1311 2446 1406 2482 inter
1424 2446 1587 2483 scriben-

203 2511 287 2548 dum
293 2511 394 2561 fecit
402 2518 466 2560 pr.
486 2509 543 2548 m.’
568 2509 608 2548 T
600 2511 792 2549 homasius.
