1786 2878
790 139 853 169 [ll
1461 140 1514 183 93

122 245 183 283 the
208 245 350 282 instant
378 255 453 281 one
477 249 563 292 part
590 242 636 280 of
658 241 721 279 the
753 243 859 280 earth
887 241 1054 287 recedes,
1076 241 1235 279 another
1256 241 1328 279 will
1354 241 1442 280 take
1473 243 1519 279 its

122 308 256 360 place.'

179 373 227 409 In
247 372 494 422 sequentibus
513 369 735 422 (330-333)
758 370 926 409 Iacobus
946 370 1140 420 reuocauit
1153 369 1235 407 orbe
1255 369 1360 419 quod
1382 381 1520 407 omnes

122 437 275 475 codices
304 443 508 487 praestant,
529 449 599 486 pro
621 438 825 473 inclinauit
850 436 999 485 scripsit
1018 436 1222 481 inclinabit,
1243 448 1314 485 pro
1334 436 1521 472 duczmsur

123 504 309 539 ducentur.
359 502 485 540 Potuit
499 501 660 539 fortasse
680 501 755 539 dici
772 502 947 552 infleclere
959 501 1040 538 orbe
1059 513 1157 550 quae
1178 502 1271 538 orbe
1293 513 1362 539 suo
1376 500 1520 537 flexum

123 568 223 614 facit,
238 575 279 605 ut
299 569 476 618 dffleclere
489 567 724 604 intransitiue
745 567 910 616 ponitur,
926 566 1041 603 uelut
1061 566 1153 603 dixit
1167 566 1341 604 Valerius
1361 566 1521 603 Flaccus

124 634 159 671 ii.
181 647 202 682 3
225 634 351 670 mediis
370 634 505 671 ardens
525 645 567 669 ne
574 633 705 682 flectat
722 633 767 669 ab
788 633 909 669 undis.
969 631 1045 669 Sed
1074 631 1221 669 facilius
1241 638 1336 681 puto
1356 631 1394 668 id
1415 631 1522 680 quod

124 698 321 737 Bentleius
342 698 446 736 dedit
466 699 576 744 orbis,
598 698 814 747 ueriusque.
872 698 924 735 At
945 698 1145 734 z'ncll'nam't
1170 696 1464 734 Gemblacensis
1485 703 1522 735 et

124 765 410 802 Vossianorum
427 764 475 801 ad
489 765 674 801 ducuntur
689 764 955 801 uniuersorum
975 763 1028 800 sic
1049 770 1105 800 est
1126 763 1461 814 accommodatum
1482 769 1523 798 ut

125 830 238 868 simul
260 835 368 876 stent,
387 829 499 866 simul
520 829 738 867 concidant.
796 828 882 878 Ego
898 841 1023 878 neque
1044 828 1119 866 hoc
1132 841 1256 877 neque
1277 828 1369 865 illud
1390 834 1521 865 muto:

126 907 348 945 quanquam
377 901 466 944 post
495 895 690 945 inflexerit
716 894 851 932 melius
884 907 975 932 sane
1010 894 1205 943 positurus
1234 901 1314 932 erat
1343 894 1523 931 futurum.

127 965 135 980 ‘
149 962 224 998 But
245 961 284 997 in
304 961 529 1010 proportion
546 967 586 998 to
608 960 670 998 the
692 960 791 997 slant
815 961 853 996 in
873 959 936 997 the
950 958 1088 997 earth's
1101 959 1236 1009 sphere
1258 960 1288 997 is
1301 959 1364 997 the
1385 959 1524 997 incline

128 1026 250 1063 which
269 1025 334 1063 the
354 1026 522 1075 position
543 1025 588 1063 of
612 1025 674 1063 the
695 1026 813 1075 flying
833 1025 903 1075 sky
924 1025 993 1063 has
1017 1025 1131 1062 made
1161 1025 1389 1062 meanwhile
1402 1037 1411 1071 ;
1447 1024 1524 1061 and

125 1091 237 1130 those
267 1097 363 1128 stars
384 1091 507 1128 which
536 1090 667 1129 before
696 1090 773 1128 had
803 1092 899 1128 been
929 1103 1020 1128 seen
1048 1091 1167 1140 rising
1187 1091 1225 1128 in
1250 1103 1273 1128 a
1295 1090 1412 1128 direct
1437 1090 1524 1137 line,

126 1169 191 1195 are
212 1169 299 1194 now
320 1156 451 1194 drawn
472 1156 588 1205 along
608 1157 689 1194 into
710 1156 773 1193 the
794 1157 847 1193 air
866 1155 1084 1206 obliquely.’

181 1222 315 1272 Itaque
336 1228 437 1260 totus
458 1222 566 1260 locus
587 1222 640 1260 sic
661 1222 787 1259 euadit

289 1287 341 1324 At
371 1287 483 1324 simul
512 1299 559 1324 ex
589 1287 652 1324 illa
683 1293 870 1324 terrarum
899 1293 1006 1335 parte
1038 1286 1206 1331 recedas,

293 1352 493 1401 Quidquid
521 1353 571 1389 ab
601 1358 776 1390 extremo
806 1358 922 1389 temet
951 1352 1201 1401 praeuerteris
1231 1364 1315 1398 axe,

292 1417 366 1455 Per
396 1430 575 1456 conuexa
606 1418 727 1467 gradu
757 1429 933 1467 gressum
963 1417 1112 1466 fastigia
1142 1424 1320 1454 terrae—

293 1483 423 1529 Quam
452 1484 560 1520 tereti
589 1490 724 1521 natura
753 1483 835 1521 solo
865 1483 1070 1521 decircinat
1098 1484 1232 1520 orbern

293 1549 339 1586 In
369 1549 559 1586 tumidum
587 1556 623 1586 et
653 1549 819 1587 mediam
848 1549 994 1586 mundo
1025 1548 1223 1598 suspendit
1252 1549 1301 1585 ab
1330 1548 1491 1586 omni—-

293 1614 400 1663 Ergo
431 1614 493 1651 ubi
523 1614 791 1652 conscendens
821 1615 954 1651 orbem
985 1614 1252 1663 stringensque
1283 1614 1490 1651 rotundum

295 1679 533 1728 Digrediere,
564 1679 675 1717 simul
704 1679 823 1729 fugiet
852 1691 940 1728 pars
970 1679 1085 1717 altera
1117 1686 1252 1725 terrae,

294 1745 426 1782 Altera
455 1745 657 1782 reddetur:
690 1746 757 1783 sed
786 1753 973 1795 quantum
1003 1745 1191 1783 inflexerit
1220 1745 1337 1790 orbis,

296 1810 470 1848 Tantum
500 1810 696 1847 inclinauit
727 1810 821 1848 caeli
852 1811 1022 1859 positura
1052 1811 1229 1855 uolantis,

295 1875 345 1912 Et
374 1875 492 1913 modo
522 1888 620 1925 quae
650 1875 797 1913 fuerant
828 1876 1020 1925 surgentia
1048 1876 1166 1914 limite
1195 1882 1300 1914 recto

298 1940 431 1978 Sidera
460 1948 620 1979 curuato
651 1941 842 1979 ducuntur
870 1942 910 1977 in
939 1941 1092 1979 aethera
1121 1948 1253 1980 tractu.

188 2014 261 2051 III.
284 2024 360 2063 335
382 2014 435 2052 sic
451 2014 610 2052 traditus
629 2021 686 2052 est
705 2015 745 2052 in
765 2015 945 2052 omnibus
965 2016 1060 2053 meis
1076 2016 1272 2054 codicibus
1293 2022 1330 2054 et
1345 2015 1528 2053 Gembla-

134 2081 240 2118 censi

298 2144 375 2191 Qui
404 2152 644 2183 transuersus
672 2152 753 2183 erat
782 2146 906 2195 spatio
935 2146 1092 2196 quando
1122 2147 1220 2185 illius
1248 2159 1325 2184 una
1355 2153 1421 2184 est.

189 2210 304 2248 Falso
330 2211 494 2248 Iacobus
524 2211 617 2248 dixit
646 2216 829 2260 spalzoque
856 2211 896 2248 in
922 2212 1101 2249 omnibus
1125 2224 1231 2250 esse:
1261 2212 1404 2250 habent
1429 2212 1531 2250 enirn

136 2288 274 2314 omnes
300 2277 420 2324 spatio
447 2277 604 2324 quando.
664 2276 919 2314 Scribendum
952 2283 1032 2315 erat
1060 2290 1107 2315 ex
1140 2277 1319 2327 Scaligeri
1350 2278 1531 2315 emenda-

137 2341 241 2379 tione
261 2342 369 2378 stalz'o
388 2342 533 2390 quando
553 2343 655 2378 illius
675 2354 750 2378 una
769 2346 830 2378 est.

192 2406 265 2444 III.
288 2407 473 2454 341—346
496 2407 548 2444 sic
568 2413 699 2444 extant
720 2407 759 2443 in
781 2406 935 2444 Gembl.

195 2484 267 2519 341
301 2471 377 2509 Pro
407 2473 531 2521 spatio
560 2485 669 2510 mora
698 2484 841 2521 magna
869 2472 980 2510 datur
1009 2485 1108 2522 quae
1137 2474 1314 2522 proxima
1341 2473 1454 2512 nobis

302 2536 550 2586 Consurgunt
579 2537 719 2587 longos
748 2537 841 2574 caeli
870 2537 1045 2575 uisuntur
1075 2538 1113 2574 in
1143 2538 1245 2575 orbis
