1786 2878
239 154 319 209 196
649 161 845 194 NOCTES
873 161 1203 194 MANJLJAA'AE

233 269 310 307 uia.
347 267 449 318 Thy.
469 270 543 317 784
566 270 719 306 uerterit
735 281 872 306 currus
892 269 983 315 licel,
1000 267 1088 306 Sibe·
1103 269 1177 318 ipse
1197 267 1309 306 Tz'lan
1330 265 1474 305 obuium
1495 267 1628 304 ducens

233 335 315 372 iter.
343 345 443 383 1095
466 335 530 381 nil,
557 333 682 380 Tz'lan,
702 347 835 384 queror
855 333 906 372 Si
921 341 1153 383 perseueras.
1209 332 1366 371 Nemes.
1385 332 1531 382 Cyneg.
1562 345 1627 382 39,

235 412 286 446 40
320 401 385 437 ubi
420 401 506 437 trita
539 401 662 450 poetis
697 406 923 450 argumenta
959 406 1133 437 recenset
1171 398 1422 435 Tandalz'dum
1456 411 1564 435 casus
1598 401 1633 436 el

233 471 388 513 sparsas
416 467 599 514 sanguine
627 477 770 502 mensas
802 463 1084 513 Condenlemque
1111 468 1223 513 capul
1248 464 1340 501 uisis·
1373 463 1511 501 Titana
1538 461 1630 511 Absy-

234 531 342 567 cem's.
1095 522 1097 525 ¹

290 594 415 632 Potuit
443 595 555 644 igitur
580 602 617 632 et
648 593 831 632 Manilius
857 593 995 631 Titana
1019 593 1079 631 hic
1101 593 1308 632 inducere:
1338 605 1409 631 nec
1430 593 1629 643 sequentia

235 660 382 697 iuuabit
416 660 552 697 Dicere
589 660 681 697 bella
719 661 820 696 uteri
854 671 932 696 non
975 659 1065 698 satis
1103 660 1343 710 explicantur
1380 671 1429 698 ex
1467 659 1630 698 adnexis

236 727 466 774 mixtumque
494 727 532 762 in
554 726 693 775 fratre
715 729 912 773 parentem.

291 790 396 837 Quid
417 791 555 840 igitur?
585 797 712 827 utrum
737 791 871 827 uitium
897 789 1035 828 traxit?
1064 790 1142 827 sine
1160 791 1240 835 sole,
1263 802 1312 828 an
1332 790 1459 828 de'emz2
1486 790 1517 828 Si
1537 790 1630 827 diem

236 867 326 893 uere
355 857 535 893 traditum
565 863 621 893 est
642 854 705 906 (cf.
726 855 798 893 III.
823 868 872 892 20
895 854 1145 904 Ereptumque
1167 857 1259 892 diem
1280 855 1385 904 quod
1414 855 1462 893 de
1490 855 1631 893 eodem

237 921 311 959 hoc
349 921 518 959 facinore
557 921 651 958 dixit
690 920 903 971 Manilius),
938 921 977 958 in
1010 921 1081 958 illis
1118 922 1198 958 sine
1233 922 1304 958 sole
1341 921 1476 959 credas
1513 921 1632 959 latere

236 987 477 1032 infinitiuum‚
498 987 603 1023 uelut
631 999 826 1023 summosse
847 985 1028 1037 (sumose).
1089 985 1182 1024 Stat.
1204 986 1280 1024 Th.
1302 987 1326 1023 i.
1349 998 1426 1035 325
1455 985 1514 1023 Et
1539 987 1631 1023 cali-

231 1056 364 1101 gantes
401 1052 546 1100 abrepto
583 1053 655 1089 sole
691 1051 884 1100 flhoeenas,
918 1052 984 1088 ubi
1020 1051 1200 1089 Placidus
1237 1051 1384 1101 abrepto
1420 1053 1492 1089 sole
1529 1052 1633 1089 dixit

235 1118 407 1154 subducto
435 1118 571 1154 lumine
599 1122 634 1154 el
659 1130 683 1154 a
712 1131 826 1154 cursu
853 1130 918 1154 suo
947 1121 1125 1154 reuocato.

290 1183 487 1220 Bentleius
524 1189 561 1220 et
600 1181 854 1220 Marklandus
892 1183 972 1219 sine
1005 1183 1076 1219 sole
1109 1182 1284 1219 uitiatum
1319 1189 1355 1219 et
1388 1194 1458 1232 pro
1491 1194 1538 1220 eo
1570 1195 1632 1221 re-

236 1248 461 1298 ponendum
484 1249 563 1285 sine
586 1249 663 1285 luce
688 1249 941 1286 crediderunt.
997 1247 1085 1297 Ego
1109 1248 1238 1297 potius
1261 1249 1337 1284 sine
1355 1253 1454 1285 nocle
1472 1248 1534 1285 uel
1554 1249 1632 1286 sine

238 1315 328 1351 nube
347 1314 595 1363 reposuerim,
617 1321 659 1351 ut
684 1326 821 1351 caecus
842 1314 961 1351 Titan
988 1313 1188 1360 diceretur,
1209 1314 1387 1363 quamuis
1410 1326 1526 1351 causa
1549 1326 1631 1352 non

237 1387 336 1417 esset
351 1380 607 1426 tenebrarum,
628 1379 819 1418 locutione
839 1392 928 1417 uere
951 1378 1175 1417 Maniliana.
1232 1379 1280 1416 V.
1304 1390 1380 1427 549
1401 1380 1479 1416 sine
1490 1379 1634 1430 sunere

220 1446 366 1495 funus.
425 1444 514 1482 Sen.
539 1445 613 1493 Ag.
649 1446 723 1491 184
754 1446 833 1481 sine
861 1445 957 1482 hoste
985 1446 1116 1482 uz'clus.
1186 1444 1353 1482 Saluian.
1383 1444 1429 1481 de
1459 1444 1631 1483 Gubern.

237 1511 311 1548 Dei
333 1511 354 1547 i.
375 1523 423 1557 42
447 1511 658 1559 ingreditur
676 1511 858 1547 heremum
879 1511 1026 1548 uictrix
1045 1511 1122 1548 sine
1141 1510 1228 1548 bello
1251 1523 1344 1561 gens
1363 1509 1632 1557 Hebraeorum,

237 1577 322 1625 agit
339 1577 408 1612 z'ler
427 1577 504 1613 sine
523 1577 661 1621 itinere,
683 1577 836 1614 uialrix
854 1577 932 1612 sine
951 1577 1026 1612 uia.

291 1641 342 1678 Et
361 1641 463 1679 fauet
483 1641 775 1691 quodammodo
799 1640 976 1679 Placidus
996 1640 1045 1678 ad
1071 1640 1163 1679 Stat.
1179 1639 1255 1678 Th.
1276 1640 1321 1678 iv.
1344 1650 1418 1690 307
1441 1639 1634 1680 Funereae

237 1711 314 1744 lum
344 1719 498 1755 namque
525 1706 635 1756 dapes
663 1707 838 1755 mediique
866 1719 1040 1744 recursus
1069 1705 1171 1744 Solis
1199 1706 1295 1743 haec
1325 1706 1526 1753 adnotans,
1557 1708 1633 1745 ideo

222 1773 435 1823 funeratus
463 1772 572 1820 dapes
595 1775 750 1821 propter
777 1772 902 1821 epulas
930 1775 963 1809 et
988 1783 1177 1809 recursum
1206 1772 1293 1809 solss
1320 1776 1354 1809 el
1377 1770 1428 1823 (et
1446 1785 1512 1810 om.
1532 1772 1632 1810 codd.

1155 1845 1175 1866 a

238 1879 479 1918 Monacenses
490 1878 522 1931 ¹)
547 1883 703 1929 propser
731 1880 902 1930 effusam
933 1880 1111 1931 affabilis,
1139 1879 1318 1930 (effabilis
1349 1892 1372 1918 a
1397 1887 1476 1930 sup.
1504 1893 1576 1919 scr.
1609 1894 1628 1920 2

239 1959 352 1983 manu
381 1946 455 1982 cod.
475 1944 627 1982 [Monac.
648 1945 734 1982 Lat.
762 1943 909 1995 19482)
936 1946 995 1982 dei
1019 1946 1108 1994 quia
1134 1943 1217 1995 (qui
1245 1945 1347 1984 codd.
1370 1944 1631 1998 Monacenses)

239 2013 336 2049 inter
354 2010 458 2047 nulla
479 2010 605 2047 nubila
621 2011 756 2059 pietate
774 2014 879 2047 tanta
899 2012 973 2059 egil
991 2023 1167 2047 occasum.

295 2076 410 2113 Vnde
451 2075 545 2113 haec
584 2075 790 2113 Placidus?
838 2076 954 2114 credo
992 2088 1015 2114 a
1046 2075 1199 2114 Graeco
1236 2074 1352 2121 fonte,
1386 2075 1546 2115 fortasse
1584 2089 1632 2116 ex

240 2141 433 2191 Euripide.
490 2139 772 2190 Vndecumque
800 2140 1002 2188 fluxerunt,
1025 2141 1087 2179 illa
1113 2142 1209 2178 inter
1228 2142 1331 2178 nulla
1356 2141 1484 2178 nubila
1498 2143 1634 2191 pietate

240 2211 344 2245 tanta
377 2207 452 2256 egit
481 2218 657 2252 occasum,
687 2206 782 2243 mire
811 2206 860 2243 ad
890 2206 1036 2244 Manilii
1066 2217 1222 2244 uersum
1250 2214 1339 2255 apta
1369 2214 1467 2244 sunt.
1528 2207 1632 2246 Nam

241 2275 333 2310 diem
367 2272 406 2309 in
436 2272 501 2321 pie
530 2271 716 2321 refingere
749 2278 786 2308 et
815 2271 1021 2309 litterarum
1056 2272 1232 2310 ductibus
1263 2279 1300 2309 et
1329 2272 1514 2310 sermonis
1543 2285 1632 2323 pro·

241 2338 392 2388 prietati
422 2336 611 2375 satisfacit.
667 2336 785 2385 Verg.
806 2337 902 2375 Aen.
925 2338 960 2375 ii.
983 2347 1059 2386 535
1091 2349 1174 2388 sqq.
1202 2336 1270 2383 Di,
1296 2338 1336 2374 sz'
1355 2350 1430 2386 qua
1457 2342 1512 2375 est
1537 2339 1634 2377 caelo

234 2405 358 2454 pieta
367 2417 396 2450 s,
425 2416 517 2452 quae
538 2403 630 2440 talia
669 2406 780 2448 curel,
814 2402 1045 2441 Persoluanl
1069 2408 1200 2454 grates
1230 2404 1366 2453 degnas
1397 2407 1432 2440 el
1456 2405 1632 2453 praemia

287 2519 297 2538 ¹
322 2518 423 2550 Hunc
446 2517 557 2550 locum
580 2528 619 2550 ex
642 2517 771 2549 duobus
798 2517 967 2551 codicibus
994 2519 1250 2552 Monacensibus
1277 2518 1333 2552 lat.
1359 2517 1445 2560 6396
1469 2523 1502 2552 et
1529 2521 1631 2562 ¹948²

243 2562 412 2604 exscripsit
430 2561 511 2594 mihi
527 2561 701 2594 Eduardus
719 2561 872 2594 weslfflin.
