1786 2878
236 135 317 189 238
616 139 686 172 AD
718 138 923 171 ARATEA
961 138 1250 171 GERMANJCJ

290 262 365 301 352
399 249 510 288 Haec
540 249 654 287 micat
684 249 721 286 in
751 248 870 295 caelo,
900 248 1006 286 lateri
1037 259 1116 285 non
1146 246 1309 297 amplior
1337 254 1444 286 actus

396 316 526 362 Quam
557 315 677 364 surgit
705 314 842 360 malus,

233 387 337 420 actus
351 381 465 420 Basil.
481 387 518 419 et
533 379 729 427 Arundel.,
745 385 829 418 actu
850 378 1056 424 Parisinus,
1072 381 1181 415 aucta
1198 377 1403 416 Bernensis
1426 378 1625 429 Breysigii‚

235 446 507 486 Baehrensiani
545 452 621 484 tres
660 444 743 496 (Z).
818 445 924 483 Hinc
965 449 1095 481 auctus
1133 444 1182 481 ab
1217 442 1373 489 Orellio,
1413 456 1504 482 mox
1544 445 1626 482 aliis

233 513 377 551 editum
392 526 401 558 ;
436 511 530 548 mihi
557 510 853 560 praeferendum
881 510 1030 548 uidetur
1056 513 1171 556 actus,
1198 521 1244 547 ea
1269 509 1548 559 significatione
1575 510 1624 548 de

234 590 310 629 qua
330 578 408 616 dixi
429 577 477 614 ad
499 576 633 614 Manil.
657 576 703 613 iii.
725 588 814 623 410.

290 653 367 692 405
399 643 514 680 Tunc
542 641 635 678 mihi
667 642 889 681 †siccentur
919 639 1120 678 substricto
1150 651 1295 678 cornua
1323 639 1411 678 uelo

396 708 447 746 Et
476 707 586 757 rigidi
615 707 792 744 emittant
822 706 933 744 flatus
962 718 1032 755 per
1061 706 1175 743 inane
1204 705 1396 751 rudentes,

233 772 438 821 spz’ssenlur
467 769 625 807 Grotius
656 776 790 807 contra
820 775 1008 806 metrum:
1050 780 1125 816 ego
1158 769 1352 816 szgrnenlur
1382 768 1626 806 scribendum

234 844 351 887 puto;
381 847 473 873 nam
493 834 702 872 substrictis
731 834 827 872 uelis
854 845 999 872 cornua
1025 840 1280 872 antennarum
1307 833 1498 872 nudantur
1523 840 1561 872 et
1589 835 1628 872 in

234 908 490 951 conspectum
510 900 648 938 clarius
668 899 870 949 prodeunt.

290 979 363 1014 421
399 966 477 1004 Hic
505 966 574 1003 erit
603 965 664 1002 ille
693 966 778 1014 pius
808 964 955 1003 Chiron
985 964 1232 1004 †tutissimus
1261 976 1398 1002 omnes

398 1031 504 1068 Inter
531 1031 747 1080 nubigenas
776 1037 812 1068 et
841 1030 972 1080 magni
1001 1030 1137 1067 doctor
1167 1029 1338 1075 Achillis,

233 1098 458 1136 iustissimus
479 1096 661 1135 Grotius:
696 1097 912 1133 mz'lzlrsz'mus
938 1107 1012 1145 ego
1039 1095 1131 1132 olim
1157 1094 1262 1132 Diar.
1286 1094 1421 1133 Philol.
1442 1095 1626 1135 cantabr.

234 1164 295 1201 vii.
316 1175 354 1212 p.
379 1163 478 1209 256:
508 1173 611 1199 nunc
631 1161 802 1210 intelligo
831 1161 934 1198 idem
955 1160 1144 1210 placuisse
1168 1159 1406 1198 Burmanno.

289 1241 367 1277 449
399 1227 483 1265 Nec
511 1239 581 1277 par
608 1233 665 1264 est
694 1227 768 1264 illis
798 1226 991 1276 spatium:
1035 1225 1114 1263 duo
1141 1237 1310 1275 namque
1339 1225 1508 1263 feruntur

397 1293 501 1330 Inter
530 1304 570 1329 se
599 1291 803 1341 aequales:
853 1291 930 1329 duo
959 1302 1124 1340 quorum
1154 1297 1212 1328 est
1240 1291 1410 1329 maxima
1438 1291 1572 1339 forma,

395 1358 446 1395 Et
474 1357 634 1396 totidem
663 1357 762 1395 inter
790 1369 832 1396 se
860 1357 1064 1407 praedietis
1093 1362 1182 1394 ante
1211 1356 1389 1394 minores.

290 1424 468 1462 Circulos
495 1423 584 1460 dicit
609 1422 802 1467 caelestes,
823 1429 860 1460 et
886 1422 1027 1460 horum
1054 1421 1318 1459 dimensiones
1342 1422 1441 1460 inter
1461 1434 1501 1460 se
1523 1435 1630 1461 com-

235 1497 355 1540 parat.
411 1488 570 1526 Dixerat
590 1488 732 1525 Aratus
753 1490 831 1534 468
860 1488 945 1536 ἀτὰρ
971 1489 1082 1537 μέτρῳ
1107 1503 1148 1535 γε
1174 1487 1241 1523 δύω
1265 1489 1365 1524 δυσὶν
1382 1489 1628 1536 ἀντιφέρονται,

234 1562 271 1593 et
292 1565 420 1592 rurSUS
442 1556 534 1600 478,
558 1562 634 1602 479
660 1556 702 1589 τὰ
721 1555 757 1589 δὲ
777 1554 882 1601 μέτρα
901 1555 1000 1589 τόσοι
1025 1552 1182 1600 πισῦρων
1199 1568 1264 1600 περ
1285 1554 1405 1589 ἐόντων
1425 1557 1466 1590 Οἱ
1485 1554 1557 1600 δύο,
1578 1556 1631 1590 τοὶ

235 1622 276 1656 δέ
302 1623 422 1667 σφεων
444 1620 531 1666 μέγα
559 1618 686 1665 μείονες
714 1620 936 1663 εἱλίσσονται,
962 1618 1028 1654 ubi
1058 1617 1263 1655 scholiasta
1291 1621 1337 1667 τῷ
1366 1620 1405 1664 δὴ
1430 1621 1575 1666 γαλαξίᾳ
1599 1622 1630 1655 οἱ

235 1686 296 1722 δύο
323 1689 391 1721 τῶν
410 1685 589 1732 εἶρημένων
611 1686 791 1731 τεσσάρων
814 1685 983 1732 ἷσόμοιροι
1012 1684 1110 1729 εἰσίν,
1131 1683 1150 1719 ὅ
1178 1699 1215 1719 τε
1245 1686 1402 1732 ζῳδιακὸς
1430 1686 1483 1720 καὶ
1509 1688 1527 1720 ὁ
1553 1687 1628 1732 ἴση·

234 1753 377 1798 μερινός·
404 1752 456 1786 καὶ
483 1751 549 1797 γὰρ
580 1751 632 1784 καὶ
660 1750 754 1785 οὗτοι
781 1751 950 1797 μέγιστοι,
970 1751 1002 1784 οἱ
1031 1751 1066 1784 δὲ
1096 1750 1210 1785 λοιποὶ
1238 1749 1359 1785 τούτου
1386 1752 1526 1796 μείονες,
1547 1752 1567 1787 ὅ
1594 1767 1630 1787 τε

235 1816 424 1863 χειμερινὸς
455 1816 507 1850 καὶ
540 1815 669 1861 θερινὸς
702 1817 871 1862 τροπικός.
939 1813 1048 1863 Ergo
1081 1813 1325 1851 retinendum
1360 1821 1441 1852 erat
1472 1817 1568 1853 l'nlc'r
1595 1831 1631 1854 se

235 1881 271 1918 h.
287 1893 318 1919 e.
340 1881 370 1917 si
390 1880 488 1917 inter
509 1891 548 1916 se
568 1886 841 1928 comparentur
854 1892 863 1925 ;
895 1891 1019 1927 neque
1040 1879 1077 1915 id
1098 1879 1179 1916 sine
1203 1891 1317 1916 causa
1339 1880 1523 1926 additum,
1538 1894 1629 1920 cum

235 1952 276 1983 ut
296 1945 442 1995 priores
462 1944 550 1989 cluo,
565 1944 595 1981 si
616 1944 713 1981 inter
729 1957 770 1982 se
791 1951 1072 1993 comparentur,
1086 1943 1265 1993 aequales
1286 1952 1374 1982 sunt
1393 1952 1430 1982 et
1450 1947 1627 1994 maiores,

235 2012 290 2048 sic
330 2009 463 2059 reliqui
501 2009 579 2047 duo
616 2022 664 2046 ex
703 2010 839 2047 eadem
880 2009 1170 2059 comparatione
1209 2010 1320 2059 aequi
1359 2010 1426 2047 sed
1460 2013 1628 2050 minores

236 2076 493 2113 inueniuntur.
568 2074 702 2124 Itaque
740 2073 969 2112 Grotianum
1010 2075 1151 2111 totz'dcm
1190 2087 1343 2111 rursum
1382 2075 1497 2113 debet
1540 2077 1629 2115 loco

237 2141 386 2180 cedere.

294 2220 371 2255 499
403 2205 470 2243 Bis
500 2205 596 2242 redit
625 2204 720 2242 haec
752 2204 866 2242 facies
896 2205 1032 2243 librato
1061 2204 1185 2242 sidere
1213 2204 1358 2250 mundi,

401 2269 501 2308 Cum
531 2283 597 2307 uer
628 2269 833 2307 secundum
863 2270 992 2319 surgit,
1021 2282 1109 2308 cum
1141 2269 1266 2307 deficit
1295 2276 1430 2308 aestas.

293 2335 450 2385 Optime
478 2335 632 2373 codices
659 2336 797 2380 munds,
818 2347 870 2374 sc.
892 2335 1022 2373 facies.
1080 2335 1201 2372 ‘This
1229 2347 1468 2384 appearance
1496 2337 1541 2375 of
1566 2338 1628 2376 the

236 2401 403 2440 heavens
427 2407 574 2438 returns
598 2400 719 2445 twice,
741 2400 851 2437 when
877 2400 940 2438 the
967 2413 1038 2439 sun
1063 2401 1094 2438 is
1118 2400 1305 2437 balanced
1331 2401 1486 2450 evenly’
1508 2409 1545 2440 at
1567 2404 1628 2442 the

238 2467 464 2516 equinoxes.
521 2465 580 2502 Ea
610 2465 727 2503 facies
757 2465 850 2503 caeli
880 2478 979 2515 quae
1009 2467 1067 2513 sit,
1098 2466 1186 2503 dicit
1216 2465 1298 2514 ipse
1330 2476 1417 2515 497,
1442 2470 1519 2516 498
1548 2482 1627 2506 cum

237 2532 406 2570 Phoebus
425 2530 582 2568 Diuz‘dz'l
597 2531 746 2579 aequali
761 2533 880 2579 spatio
901 2536 1104 2580 noctemque
1123 2532 1290 2580 diemque.
