1786 2878
792 163 837 194 [J
1448 155 1501 206 67

116 267 284 319 pendent
322 267 474 307 omnia:
514 280 605 306 nam
638 274 832 318 utraeque,
863 274 903 306 ut
937 269 1064 306 uerbis
1098 274 1184 306 utar
1217 268 1383 315 HUETH,
1414 276 1503 307 sunt

115 335 325 381 ἀποκλίματα
352 334 432 371 siue
458 333 534 372 loci
561 334 708 380 deiecti,
732 334 962 372 duodecima
989 346 1076 372 cum
1098 336 1146 371 ab
1166 347 1211 372 ea
1231 335 1437 372 descensus
1458 336 1503 372 sit

115 399 165 437 ad
204 399 400 448 regionem
438 399 632 445 Mercurii,
674 411 752 449 quo
794 399 833 436 in
877 399 1067 438 descensu
1105 407 1345 449 praetentam
1386 400 1503 437 habet

115 465 288 510 ruinam;
319 470 427 502 sexta
452 472 580 502 autem
609 476 697 502 cum
726 465 774 501 ab
794 476 936 502 occasu
966 465 1096 502 omnia
1125 465 1201 502 iarn
1230 465 1393 502 decliuia
1424 466 1499 502 sint

116 530 374 567 descendenti.
422 530 557 580 Itaque
579 529 822 567 scribendum
842 530 911 566 erit
931 543 998 566 neu
1009 535 1173 578 praestet
1191 531 1342 566 cardine
1361 531 1500 575 mundi,

116 594 152 632 h.
166 607 198 632 e.
228 607 326 632 neue
355 596 527 644 superior
556 595 601 633 sit
622 595 849 633 duodecima
876 607 923 632 eo
954 596 1057 644 quod
1087 596 1266 644 proxima
1289 602 1345 632 est
1375 595 1504 633 Horo-

117 672 258 710 scopo3
280 661 359 698 siue
373 661 495 698 mauis
511 660 559 697 ad
577 661 735 708 Vtraque
749 660 898 705 referre,
913 661 993 707 erit,
1004 673 1101 698 neue
1111 667 1276 710 praestet
1291 661 1405 698 altera
1421 668 1506 697 utra

117 725 245 763 alteri:
275 738 365 763 nam
385 725 458 763 hoc
479 726 634 775 quidem
654 726 694 762 in
715 726 833 764 dubio
853 733 919 763 est.
976 727 1150 763 Praestet
1166 726 1308 763 habent
1330 726 1501 775 plerique

118 791 271 828 codices
291 797 328 829 et
347 803 388 828 0:
419 791 506 828 hinc
527 798 702 840 corrupte
721 795 891 840 praestat
909 789 1099 841 (Gembl.)
1113 793 1274 840 praestit
1297 790 1471 842 (Vossf).

173 856 264 894 Post
284 856 459 905 regiones
479 869 534 895 ΧΠ
554 862 592 894 et
611 870 659 902 VI,
682 857 806 906 pergit
827 857 875 893 ad
896 869 963 894 v111
984 863 1020 893 et
1041 869 1080 895 Π.

173 921 224 958 II.
246 923 431 970 872-874

604 999 787 1037 praeceps
817 987 909 1024 haec
940 986 1000 1024 illa
1030 999 1193 1036 superna

282 1050 460 1089 Pendens
489 1058 553 1090 aut
581 1053 714 1090 metuit
743 1053 871 1090 uicino
900 1052 1052 1090 cardine
1083 1052 1199 1089 finem

282 1117 360 1155 Aut
388 1117 562 1155 fraudata
591 1118 711 1155 cadet.

118 1185 171 1220 sic
195 1182 333 1221 Gembl.
383 1195 547 1232 superna
572 1182 708 1221 Gembl.
733 1182 822 1221 Cus.
855 1181 962 1220 lbssff
984 1195 1002 1219 ο
1045 1183 1181 1232 supina
1209 1182 1319 1219 Voss?
1340 1195 1504 1232 superne

122 1247 294 1297 Scalzssger
350 1251 425 1296 873
446 1248 591 1286 fraudat
611 1248 768 1286 accadat
799 1247 912 1286 Voss?

178 1313 356 1351 Secunda
376 1321 553 1363 praeceps
582 1313 727 1360 dicitur,
749 1326 837 1351 cum
867 1314 963 1351 infra
993 1313 1254 1362 Horoscopon
1285 1314 1362 1350 iam
1393 1314 1440 1350 sit
1472 1320 1508 1350 et

121 1379 161 1415 in
190 1379 266 1415 ima
295 1379 449 1424 feratur,
477 1380 544 1415 illa
574 1385 712 1417 octaua
739 1386 891 1427 superne
910 1380 1072 1428 pendens
1106 1379 1279 1416 nondum
1315 1378 1415 1416 facto
1445 1379 1509 1416 de-

123 1456 258 1482 scensu
284 1444 333 1481 ad
354 1456 548 1482 occasum.
606 1444 717 1481 Haec
737 1444 853 1481 altera
877 1446 1002 1481 meluit
1022 1445 1142 1480 uicino
1166 1445 1318 1480 cardine
1330 1444 1446 1493 finem
1472 1444 1512 1480 in

123 1509 290 1555 Occasu,
312 1509 375 1546 illa
402 1509 504 1558 prior
532 1507 593 1559 (11)
615 1508 712 1546 infra
734 1509 993 1558 Horoscopon
1017 1510 1143 1559 posita
1164 1516 1200 1546 et
1221 1510 1304 1558 ipsa
1324 1509 1511 1558 prospicit

125 1574 242 1611 finem
271 1575 311 1612 in
339 1574 493 1612 cardine
524 1574 687 1620 Saturni,
708 1574 775 1612 sed
806 1575 1079 1612 interueniente
1108 1575 1217 1612 tertia
1246 1576 1401 1623 regione
1432 1572 1512 1624 (111)

109 1641 305 1691 fraudata
325 1652 372 1677 eo
392 1644 503 1676 caret.

169 1705 311 1755 'Itaque
331 1718 459 1744 CARET
479 1717 548 1754 pro
568 1717 693 1744 cADET
715 1705 993 1754 reponendum.

177 1771 229 1809 ΙΙ.
250 1772 327 1820 874
350 1783 433 1821 sqq.
454 1770 508 1809 sic
527 1778 659 1808 extant
680 1771 717 1807 in
739 1770 891 1809 Gembl.

716 1836 851 1873 merito
881 1834 1062 1884 typhonis
1091 1834 1279 1872 habentur

153 1903 229 1950 875
260 1899 491 1939 Horrendae
522 1900 633 1939 sedes
662 1913 778 1951 quem
807 1900 918 1938 tellus
948 1912 1063 1938 saeua
1092 1899 1261 1949 profudit

260 1965 394 2012 Quum
425 1966 568 2004 bellum
598 1967 704 2004 caelo
732 1966 879 2015 peperit
908 1978 978 2003 nec
1009 1972 1128 2003 matre
1157 1966 1328 2003 minores

260 2032 484 2070 Exstiterint
511 2039 642 2082 partus
666 2032 734 2070 sed
763 2031 919 2069 fulmine
950 2044 1078 2068 rursus
1107 2031 1147 2068 in
1177 2031 1296 2068 altum

261 2097 463 2147 Compulsi
491 2104 720 2147 montesque
750 2109 863 2146 super
891 2097 1034 2134 rediere
1064 2097 1244 2134 cadentes

262 2162 386 2201 Cessit
415 2163 455 2200 in
483 2163 673 2200 tumulum
702 2162 791 2200 belli
820 2162 998 2211 uitaeque
1027 2162 1226 2210 typhaeus.

183 2229 258 2276 877
288 2227 512 2266 Exstiterint
537 2229 710 2266 Vossiani
724 2228 927 2265 Extiterint
949 2227 1038 2265 Cus.
1063 2227 1300 2264 Exstiterunt
1321 2239 1339 2263 0
1361 2226 1514 2263 exstite-

129 2301 212 2331 rant
231 2293 400 2343 Regz'om.
421 2293 542 2343 lVeap.
592 2296 668 2342 879
690 2293 814 2331 Cessit
835 2300 871 2330 et
891 2293 930 2330 in
950 2297 1025 2331 cett.
1071 2293 1262 2330 tumulum
1282 2293 1416 2328 codices
1435 2303 1515 2327 cum

127 2360 341 2396 editionibus
377 2359 543 2408 Regiom.
582 2359 701 2408 [νεαρ.
739 2358 877 2396 Molz'n.
917 2372 967 2395 an
1005 2358 1229 2396 cumulum?
1286 2357 1462 2406 thipheus
1496 2368 1515 2392 0

129 2424 312 2473 tropheus
342 2423 456 2462 Voss.²

183 2489 301 2535 Quod
331 2489 483 2528 Gembl.
516 2490 606 2528 Cus.
631 2489 811 2526 Vossiani
846 2495 1037 2538 praestant
1070 2488 1312 2533 Exslitcrz'nt‚
1346 2486 1442 2523 sitne
1476 2486 1515 2522 in

131 2553 378 2593 Exstiterunt
421 2556 525 2606 quod
574 2568 593 2592 0
640 2555 767 2600 habet,
810 2566 860 2590 an
907 2555 946 2591 in
998 2554 1242 2592 Exstzterant
1286 2552 1392 2602 quod
1440 2551 1521 2589 Re-

808 2631 827 2656 F
853 2633 871 2656 2
