1786 2878
266 128 324 166 44
672 122 871 155 NocTEs
898 121 1233 154 ΜΑΜΜΑΝΑΕ

265 228 446 267 inferiora
472 234 560 266 sunt
586 228 759 278 trigonis,
786 239 912 278 neque
937 234 1087 265 tantum
1112 227 1250 265 ualent.
1307 225 1405 265 Mox
1427 225 1572 265 Iacobo
1592 224 1660 264 ad-

265 295 410 333 sentior
441 298 559 332 tortus
596 306 644 331 ex
688 292 800 330 Voss.2
833 293 1073 331 reddendum
1111 305 1216 339 esse;
1257 292 1326 330 sed
1363 292 1496 330 dubito
1529 299 1656 330 utrum

264 360 425 397 Libram
452 364 570 397 tortus
599 358 860 408 Capricornus
880 371 928 395 an
951 366 990 396 ut
1012 358 1162 396 Gembl.
1183 357 1317 396 suadet
1336 357 1496 394 Libram
1520 356 1659 406 Capri-

265 439 401 463 cornus
419 429 535 462 lorlus
562 437 612 462 an
637 425 803 474 denique
830 431 871 461 ut
898 423 1056 461 fortasse
1083 424 1167 474 quis
1187 423 1311 461 eliciat
1335 436 1381 460 ex
1408 436 1427 461 ο
1447 423 1485 460 in
1505 434 1584 472 quo
1604 428 1662 460 est

249 491 451 540 feruntur,
473 491 579 528 cuius
599 494 680 526 —lur
699 496 850 539 poterat
871 502 918 527 ex
938 487 1089 540 lor(lus)
1114 501 1324 539 superesse,

431 566 551 603 Hetta
580 565 687 604 ferit:
719 572 841 603 tortus
871 565 1029 603 Libram
1059 566 1318 615 Capricornus

265 643 392 694 potius
427 643 474 680 sit
508 642 769 681 scribendum.
827 641 976 680 Notum
1011 650 1067 680 est
1106 642 1330 692 Capricorni
1369 641 1582 691 posteriora
1620 640 1659 677 in

266 709 388 746 flexus
416 708 520 746 uelut
549 708 663 757 piscis
694 707 755 745 uel
790 707 950 757 pistricis
984 708 1189 745 terminari.
1248 707 1324 744 Sed
1353 707 1392 744 in
1424 707 1499 744 fine
1528 718 1661 744 uersus

265 772 406 811 illum*
433 786 520 811 cum
552 773 734 811 omnibus
759 773 956 810 codicibus
983 773 1224 811 retinendum
1253 780 1343 810 erat.
1401 772 1508 819 Quid
1531 772 1660 809 enirn?

265 839 495 889 quadratum
523 838 715 885 describit,
747 846 929 888 quattuor
955 839 1066 887 signa
1094 846 1278 884 recenset,
1303 851 1400 888 quae
1427 850 1467 876 se
1495 837 1660 874 inuicem

266 911 440 954 tangunt,
477 904 635 942 Libram
670 903 948 953 Capricornum
982 905 1153 942 Arietem
1193 904 1395 942 Cancrum.
1455 904 1589 952 Itaque
1622 902 1661 938 in

270 983 342 1019 291
376 983 448 1020 pro
477 971 574 1008 hunc
603 970 848 1007 scribendum
877 970 945 1008 erit
973 970 1069 1007 hinc.
1125 970 1274 1008 Totum
1303 970 1431 1008 locum
1464 969 1577 1018 igitur
1607 968 1661 1005 sic

266 1035 434 1074 reformo

837 1108 876 1138 at
905 1113 1003 1150 quae
1033 1101 1154 1139 diuisa
1184 1101 1378 1151 quaternis

429 1166 608 1204 Partibus
637 1166 787 1216 aequali
818 1166 978 1204 laterum
1009 1174 1095 1204 sunt
1125 1168 1282 1204 condita
1312 1167 1440 1213 ductu,

431 1232 608 1278 Quorum
638 1232 813 1281 designat
842 1232 1025 1270 normalis
1055 1232 1203 1281 uirgula
1234 1232 1357 1277 sedes,

422 1297 538 1333 φΗττα
576 1297 672 1335 ferit.
729 1296 889 1335 Libram
928 1298 1189 1348 Capricornus
1222 1305 1344 1335 tortus
1378 1303 1415 1335 et
1453 1296 1559 1334 illum
1594 1294 1660 1346 (sc.

540 1360 838 1414 Capricornum)

431 1428 632 1477 Conspicit
659 1428 748 1465 hinc
777 1428 900 1475 Aries,
926 1435 1039 1479 atque
1068 1429 1192 1479 ipsum
1221 1427 1285 1480 (sc.
1309 1426 1497 1479 Arietem)
1525 1440 1547 1465 a
1574 1439 1660 1477 par-

538 1494 640 1530 tibus
669 1494 801 1543 aequis

430 1558 592 1605 Cancer,
623 1566 659 1596 et
687 1560 790 1597 hunc
821 1560 930 1598 laeua
960 1561 1158 1599 subeuntis
1189 1561 1312 1599 sidera
1342 1560 1493 1597 Librae.

321 1637 374 1674 11.
396 1648 583 1685 331—334
614 1636 668 1673 sic
689 1643 844 1673 exarata
865 1643 952 1674 sunt
973 1638 1011 1674 in
1033 1637 1186 1675 Gembl.

430 1700 523 1739 Non
552 1702 665 1750 igitur
694 1702 782 1739 satis
811 1709 868 1739 est
896 1703 1013 1752 signis
1043 1715 1267 1741 numerasse
1297 1703 1467 1752 trigonas

430 1766 672 1812 Quadratiue
701 1768 819 1805 fidem
847 1768 943 1806 caeli
971 1780 1037 1817 per
1067 1769 1177 1817 signa
1206 1768 1393 1817 quadrata
1421 1774 1606 1817 quaterna

431 1834 620 1880 Quadrati
650 1835 681 1872 si
712 1835 809 1873 sorte
838 1836 945 1873 uoles
975 1836 1154 1885 effingere
1184 1823 1349 1874 formam

429 1900 507 1936 Aut
536 1900 642 1937 trinis
672 1902 828 1949 paribus
857 1901 971 1939 facies
1000 1914 1089 1939 cum
1118 1903 1278 1939 menbra
1308 1901 1461 1951 trigoni.

322 1987 397 2024 331
435 1976 607 2025 trigonas
637 1978 737 2014 codd.
796 1991 870 2026 332
905 1982 913 1997 ‘
930 1978 1115 2028 quadrata
1147 1977 1199 2029 (h.
1237 1992 1313 2016 uoc.
1352 1980 1448 2015 ll'nea
1487 1979 1525 2014 z'n
1546 1979 1662 2016 erz‘ore

266 2043 409 2079 notauit
416 2048 481 2090 pr.
499 2041 561 2092 m.)
575 2049 760 2091 quaterna
775 2041 817 2093 (q
832 2057 882 2081 ex
898 2050 910 2080 t
915 2044 1019 2093 fi'ssl‘
1024 2051 1086 2094 pr.
1103 2043 1166 2094 m.)
1176 2044 1184 2059 ⁷
1203 2044 1242 2081 T
1237 2045 1435 2082 homasz'us.
1474 2052 1662 2094 quaterna

269 2106 444 2145 Cusanus
462 2120 542 2144 cum
574 2107 760 2145 Vossz'anz’s
779 2113 813 2145 el
829 2109 849 2146 b
868 2122 898 2147 ο.
954 2109 1045 2148 celis
1075 2110 1252 2148 Vossz'am'.

321 2172 397 2210 Pro
425 2174 594 2221 lrzgonas
621 2174 857 2222 reposuerim
881 2177 1062 2224 lrzgrona:
1093 2187 1184 2212 nam
1208 2175 1255 2213 de
1276 2176 1433 2225 trigonis
1453 2176 1557 2225 ipsis,
1578 2187 1660 2213 non

266 2236 315 2275 de
335 2237 505 2288 partibus
526 2238 684 2287 trigonis
701 2237 796 2289 (319
815 2245 944 2289 parles
964 2253 1034 2278 non
1055 2245 1208 2278 seruant
1225 2241 1292 2278 illa
1311 2239 1494 2292 lrzgonas)
1509 2240 1659 2278 uidetur

310 2373 328 2393 *
352 2374 441 2406 Nam
457 2374 597 2406 Iacobus
613 2374 723 2407 locum
740 2375 785 2408 sic
802 2377 930 2418 scripsit

483 2418 614 2450 Haecce
639 2419 710 2450 ferit
732 2420 877 2459 Libram,
902 2426 1005 2452 tortus
1029 2421 1247 2463 Capricornus
1269 2425 1301 2452 et
1325 2420 1415 2452 illam

483 2462 674 2504 Conspicit;
697 2462 783 2494 hunc
808 2464 911 2502 Aries,
935 2471 1032 2506 atque
1056 2465 1150 2496 illum
1175 2465 1321 2506 partibus
1343 2465 1454 2506 aequis

482 2505 618 2546 Cancer,
641 2511 672 2538 et
695 2506 781 2539 hunc
804 2507 897 2539 laeua
922 2508 1088 2541 subeuntis
1111 2508 1214 2540 sidera
1238 2508 1368 2540 Librae.
