1786 2878
786 163 833 195 Η
1454 166 1506 211 37

108 278 304 319 numquae
312 267 407 307 ratio
422 267 469 307 sit
481 267 589 315 Quod
597 267 840 318 expediendi.
861 267 953 306 Non
967 268 1149 307 absimilis
1162 280 1252 306 usus
1266 275 1323 307 est
1337 270 1506 319 particu-

108 333 167 371 lae
188 333 298 372 toties
323 346 521 372 recurrens
548 334 587 372 in
608 334 789 383 epistulis,
810 346 841 371 e.
854 346 890 383 g.
913 334 992 371 Cic.
1014 334 1121 371 Fam.
1142 335 1187 371 vi.
1212 344 1245 383 7.
1268 347 1283 371 1
1314 334 1423 381 Quod
1438 336 1511 373 tibi

106 412 177 436 non
193 404 268 436 lam
283 400 443 437 celeriter
456 400 549 437 liber
562 404 614 436 est
626 400 799 445 redde'lus,
815 400 957 447 zgrnosce
971 400 1102 436 timori
1110 404 1234 436 nostro
1247 413 1260 437 .·
1288 401 1396 437 cuius
1413 413 1504 439 usus

107 465 399 502 innumerabilia
419 465 599 514 exempla
619 465 813 513 congessit
841 464 1100 514 Nipperdeius
1125 465 1271 515 Opusc.
1291 476 1480 514 ·135-143
1498 479 1505 503 :

105 537 238 579 estque
258 530 478 568 huiusmodi
498 530 720 579 exemplum
742 530 781 566 in
803 530 939 567 Catull.
961 530 1075 567 lxviii.
1099 543 1113 567 1
1133 542 1215 580 sqq.
1268 531 1304 568 A
1324 544 1402 580 quo
1424 544 1504 569 non

104 595 222 644 longe
244 595 386 633 recedit
406 595 683 632 Lucretianum
714 595 804 632 illud
825 594 928 632 Nam
949 597 1048 644 qnod
1062 603 1165 644 saepe
1184 597 1345 633 homines
1365 598 1506 634 morbos

104 661 227 709 magis
256 674 328 698 esse
359 662 533 697 timendos
553 660 806 710 Infamemque
815 661 960 710 serunt
981 662 1097 697 ailam
1125 675 1233 710 quam
1258 666 1408 698 tartara
1433 663 1503 699 leti.

105 755 113 763 .
128 755 135 763 .
152 755 159 762 .
174 724 281 763 Ilz'nc
300 727 383 763 lz'cet
400 727 576 762 aduerlas
594 726 761 762 animum
783 728 904 774 magis
924 728 1045 762 omnia
1066 727 1189 763 laudis
1210 726 1361 763 lactari
1375 741 1502 773 causa,

101 803 211 840 quam
224 792 324 840 quod
335 804 393 828 res
408 793 488 840 ipsa
494 791 681 840 probclur.
711 790 904 828 Exlorres
924 792 1015 827 idem
1032 793 1161 839 pasm'cz
1175 792 1346 840 longeque
1350 793 1504 842 fugati.

103 884 111 892 .
133 885 141 893 .
162 884 170 892 .
195 856 374 893 Omnibus
388 858 577 893 aerumm's
592 856 890 905 affl’clz'dem‘que
907 858 1050 893 uiuunt.
1109 857 1171 893 Ad
1193 857 1265 894 hoc
1282 854 1502 906 exemplum

102 921 132 958 si
158 930 337 970 197—202
361 922 553 971 expedias,
576 921 645 959 erit
666 922 854 959 sententia
874 922 982 959 talis:
1015 925 1023 941 ‘
1039 922 1085 959 (le
1107 935 1154 959 eo
1175 929 1215 959 ut
1237 923 1373 968 dicam,
1396 923 1502 972 quod

98 987 170 1024 tria
194 993 283 1024 sunt
306 1000 353 1025 ex
378 988 431 1024 xii
451 987 570 1036 signis
597 999 696 1036 quae
723 987 857 1024 ceteris
876 993 1104 1036 repugnent,
1140 991 1167 1022 8
1208 994 1244 1028 Π
1281 1000 1335 1034 95,
1359 989 1389 1025 si
1414 989 1501 1037 quis

101 1051 195 1090 haee
223 1053 260 1089 iii
280 1053 392 1102 signa
417 1052 631 1102 conspiciat
656 1064 736 1089 non
763 1053 876 1089 rectis
897 1053 1080 1089 membris
1108 1053 1147 1089 in
1169 1052 1318 1090 caelum
1340 1054 1501 1090 orientia

100 1118 431 1167 quemadmodum
458 1119 631 1156 oriuntur
654 1124 779 1155 cetera
808 1118 857 1163 ix,
879 1118 946 1155 sed
977 1118 1153 1155 clunibus
1183 1118 1347 1167 pedibus
1377 1127 1499 1168 tergo,

99 1183 130 1219 is
150 1195 230 1221 non
250 1184 451 1220 mirabitur
470 1183 609 1221 tardari
634 1183 724 1221 solis
746 1195 902 1221 cursum
923 1195 1012 1220 curn
1033 1196 1102 1232 per
1131 1190 1231 1221 astra
1251 1184 1315 1221 fiat
1336 1184 1499 1221 aduersa

97 1248 196 1286 inter
216 1261 256 1286 se
277 1255 313 1286 et
332 1249 599 1298 repugnantia.

152 1313 212 1351 De
235 1324 418 1362 223—225
444 1314 608 1352 haereo:
639 1313 706 1351 sed
734 1313 808 1351 huc
834 1314 978 1351 inclino
1005 1321 1046 1351 ut
1073 1313 1264 1363 apodosin
1285 1315 1495 1352 sententiae

96 1378 234 1416 faciam
249 1392 271 1417 a
285 1392 322 1417 u.
339 1382 413 1417 226
442 1380 487 1417 Vt
499 1392 591 1428 quae
610 1379 789 1428 incipere.
825 1379 944 1426 Quod
961 1386 1061 1416 astra
1077 1379 1268 1428 quaedam
1286 1380 1494 1429 inquirenti

94 1445 321 1493 profitentur
341 1457 381 1482 se
402 1445 592 1493 originem
616 1457 638 1481 a
658 1445 754 1481 mari
776 1445 925 1490 ducere,
947 1452 988 1481 ut
1009 1451 1096 1481 sunt
1117 1445 1265 1482 Cancer
1289 1452 1326 1481 et
1356 1445 1495 1492 Pisces,

94 1509 199 1546 idem
237 1510 276 1547 in
313 1510 372 1548 his
410 1510 551 1548 accidit
590 1509 696 1560 quod
734 1510 773 1546 in
819 1511 979 1547 terrenis
1018 1510 1152 1547 Tauro
1191 1510 1321 1547 Ariete
1361 1509 1495 1547 Leone

97 1574 269 1625 Scorpio,
309 1576 459 1625 utrique
498 1575 602 1612 enim
646 1576 777 1624 generi
817 1575 1017 1624 signorum
1059 1575 1132 1612 hoc
1176 1582 1233 1612 est
1272 1587 1494 1622 commune,

93 1641 199 1689 quod
237 1653 260 1678 a
296 1642 371 1678 loco
408 1641 473 1677 ubi
510 1641 648 1678 uiuunt
687 1641 832 1678 bestiae
871 1640 975 1677 unde
1016 1653 1162 1678 nomen
1206 1640 1369 1687 trahunt,
1416 1640 1493 1678 dis-

92 1706 304 1744 cretionem
346 1706 461 1744 habet
504 1718 627 1752 suam,
660 1706 810 1743 marina
843 1706 892 1743 ab
932 1706 1054 1755 aquis,
1099 1712 1251 1742 terrena
1292 1718 1313 1742 a
1356 1706 1490 1744 terris:

91 1776 228 1821 estque
248 1771 400 1809 tertium
420 1783 542 1821 genus
562 1771 779 1809 mediorum
801 1771 882 1808 siue
909 1771 1187 1816 communium,
1210 1771 1436 1820 Capricorni
1456 1778 1494 1808 et

91 1836 261 1885 Aquarii,
283 1837 348 1886 qui
368 1849 416 1874 ex
436 1843 542 1886 parte
563 1837 673 1886 aquis
699 1836 963 1885 adsignantur.
1021 1835 1130 1872 Prius
1161 1837 1215 1873 sic
1243 1836 1491 1885 explicaram,

90 1907 132 1938 ut
145 1901 335 1951 apodosin
350 1901 515 1939 facerem
532 1902 571 1939 in
587 1903 714 1939 uerbis
729 1903 935 1950 scopulosus
951 1903 989 1937 z'n
1006 1902 1115 1938 undis
1134 1900 1287 1946 Cancer,
1304 1908 1490 1939 structura

91 1966 167 2004 loci
188 1967 300 2004 simili
317 1967 532 2006 Ouidianae
548 1967 655 2005 Med.
672 1968 762 2004 Fac.
783 1977 844 2015 79,
863 1969 912 2004 80
926 1967 1094 2003 Pondere
1108 1968 1146 2003 sz'
1161 1969 1309 2016 quaerss
1329 1980 1398 2016 quo
1418 1969 1489 2004 sz'm

87 2036 273 2070 contentus
302 2034 341 2070 in
370 2034 474 2070 illis:
507 2033 615 2079 Quod
636 2034 757 2070 trahil
781 2034 820 2069 in
841 2038 972 2082 partes
1000 2034 1109 2069 uncia
1132 2037 1228 2069 secla
1256 2034 1360 2079 duas,
1393 2032 1428 2069 h.
1453 2045 1486 2070 e.

89 2098 243 2146 pondus
276 2110 432 2147 quaero,
468 2099 574 2148 quod
608 2098 732 2136 trahit.
790 2097 868 2135 Sed
901 2111 941 2135 re
976 2098 1129 2146 saepius
1168 2110 1370 2147 perpensa,
1406 2109 1487 2135 non

89 2162 225 2200 dubito
250 2169 435 2213 tanquam
461 2164 640 2213 exempla
665 2163 803 2200 adferri
826 2162 1032 2208 Cancrum,
1054 2163 1196 2209 Pisces,
1218 2175 1344 2213 neque
1371 2175 1486 2212 posse

88 2229 206 2265 uerba
242 2240 289 2266 ea
325 2229 713 2278 scopulosus—arms«
754 2241 777 2265 a
814 2228 1004 2278 prioribus
1043 2228 1172 2265 diuelli
1215 2235 1255 2265 ut
1294 2227 1485 2277 apodosin

87 2292 243 2331 faciant.

142 2358 193 2396 II.
217 2367 292 2406 205
323 2358 378 2397 sic
398 2365 502 2397 extat
521 2359 561 2396 in
582 2359 737 2397 Gembl.

250 2423 344 2462 Non
368 2425 534 2462 tenebris
564 2432 628 2462 aut
657 2425 742 2462 luce
772 2437 880 2462 suam
910 2424 1132 2475 peragentia
1162 2430 1316 2462 sortem.

141 2486 293 2526 Noctem
323 2489 413 2528 Cus.
442 2489 626 2528 Vossiani
655 2496 692 2528 et
726 2503 755 2536 0,
788 2490 893 2540 quod
922 2491 985 2528 uix
1017 2490 1135 2527 credo
1168 2502 1215 2527 ex
1250 2493 1381 2525 sortem
1416 2488 1482 2526 de-

87 2561 287 2602 prauatum
308 2567 402 2593 esse.
461 2555 546 2593 Fuit
567 2556 693 2605 potius
714 2557 864 2593 molem:
893 2556 930 2593 id
958 2554 1192 2593 uocabulum
1218 2554 1257 2591 in
1282 2553 1482 2604 Propertio
