1786 2878
229 126 284 169 54
648 123 845 155 NOCTES
874 122 1206 154 MANILJANAE

394 230 505 268 Vnus
535 235 614 266 erat
646 227 821 278 Pylades,
853 239 954 265 unus
984 227 1048 277 qui
1078 226 1206 264 maliet
1236 225 1393 265 Orestes

394 296 484 344 Ipse
513 295 635 332 mori:
681 293 725 331 lis
754 305 831 330 una
862 292 933 329 fuit
963 304 1031 342 per
1060 291 1211 329 saecula
1239 292 1384 337 mortis,

393 360 500 398 Alter
529 359 634 410 quod
665 365 815 408 raperet
845 358 977 403 satum,
1009 369 1090 394 non
1120 357 1272 395 cederet
1300 357 1405 403 alter,

370 425 444 463 'Et
473 425 552 463 duo
581 424 646 474 qui
675 431 836 474 potuere
865 423 984 472 sequi,
1016 423 1080 460 uix
1110 435 1271 461 noscere
1301 434 1460 472 poenas.

286 492 338 529 ΙΙ.
362 493 451 540 598,
474 505 496 539 9
519 491 571 528 sic
592 497 723 528 extant
741 490 780 526 in
802 488 956 527 Gembl.

396 556 639 605 Insidiasque
669 553 778 601 fori¹‚
810 553 923 591 cedes
954 554 992 590 in
1022 554 1225 591 maenibus
1256 553 1346 603 ipsis

396 621 446 659 Et
476 623 547 658 sub
576 620 765 658 amicitiae
794 626 1034 667 grassantem
1064 620 1222 657 nomine
1248 620 1413 657 turbam.

291 687 496 735 Caedesque
515 687 680 724 Iacobus
705 697 753 723 ex
770 685 974 723 Vossianis
992 699 1000 723 :
1031 684 1168 722 melius
1188 684 1341 722 Gembl.
1361 696 1451 722 cum
1473 683 1632 722 Cusano

232 760 270 790 et
303 766 322 790 o
354 753 488 797 caedes,
518 763 628 789 more
664 750 891 789 Maniliano.
960 750 1006 787 In
1040 750 1180 788 eodem
1215 750 1372 789 Cusano
1406 755 1633 787 crassantem

233 818 365 856 inueni
385 825 422 855 et
442 818 497 855 sic
519 817 704 867 scriptum
725 823 783 854 est
801 816 841 853 in
861 823 1026 866 utroque
1047 815 1250 854 vossiano.

312 884 340 921 I.
391 896 404 920 1
440 885 516 920 -61

289 884 307 922 I
359 886 381 922 6
415 896 436 932 3
525 892 547 931 5
668 947 838 986 namque
866 942 924 973 est
952 942 1089 973 natura
1116 935 1245 973 mitius
1274 943 1418 973 astrum

397 1003 708 1052 Expositumque
738 1013 830 1039 suae
860 1013 986 1038 noxae
1017 1013 1088 1039 nec
1117 1001 1314 1039 fraudibus
1343 1002 1428 1039 ullis

400 1067 484 1105 Nec
514 1068 642 1104 minus
672 1066 830 1115 ingenio
859 1066 966 1104 molli
995 1078 1114 1116 quam
1144 1078 1306 1116 corpore
1336 1073 1525 1104 constant.

232 1140 412 1172 constant
445 1132 584 1171 Gembl.
604 1145 685 1169 cum
704 1133 892 1181 plerisque
918 1139 1070 1170 constat
1094 1145 1113 1169 o
1139 1136 1173 1168 et
1193 1132 1247 1170 ed.
1267 1131 1431 1169 Molmiz·
1453 1138 1636 1170 constans

233 1199 358 1237 Bentl.

291 1265 420 1302 Etiam
441 1264 502 1302 hic
523 1263 657 1302 dubito
686 1275 781 1300 num
802 1268 903 1300 recte
924 1261 1047 1300 Bentl.
1069 1267 1239 1300 constans
1259 1263 1463 1312 scripserit.
1521 1262 1637 1300 Certe

236 1335 405 1369 constant
421 1343 469 1367 ex
489 1334 632 1367 constat
650 1328 716 1379 (cf.
741 1338 819 1377 700
839 1329 905 1365 ubi
928 1328 1032 1366 MSS
1053 1340 1190 1366 omnes
1210 1328 1391 1378 constant)
1412 1341 1492 1366 non
1512 1329 1639 1366 minus

235 1396 445 1447 prouenire
476 1395 603 1445 potuit
635 1406 755 1444 quarn
788 1407 836 1431 ex
867 1399 1036 1431 constans
1048 1407 1069 1438 ,·
1110 1401 1148 1431 et
1181 1394 1278 1432 solet
1308 1394 1494 1432 Manilius
1522 1394 1640 1432 inlata

239 1462 441 1513 participia
469 1461 524 1499 sic
552 1461 662 1499 finito
690 1461 812 1498 uerbo
842 1460 1002 1497 uariare.
1060 1459 1215 1497 Dixeris
1235 1465 1406 1497 constans
1425 1460 1639 1510 elegantius

237 1540 335 1574 esse,
357 1527 538 1578 pinguius
558 1526 608 1563 ad
637 1538 749 1563 aures
769 1525 905 1563 cadere
924 1538 931 1562 ε
961 1532 999 1563 at
1024 1537 1105 1563 non
1127 1525 1270 1564 idcirco
1291 1525 1550 1563 Manilianum
1570 1533 1639 1571 est,

239 1606 321 1631 non
350 1593 474 1641 magis
503 1603 622 1642 quam
656 1592 784 1628 uellere
816 1590 921 1640 quod
955 1591 993 1627 in
1030 1592 1107 1639 615
1144 1591 1246 1628 idem
1279 1590 1476 1630 Bentleius
1503 1599 1641 1630 contra

239 1658 396 1697 codices
417 1657 521 1695 dedit
540 1669 611 1706 pro
631 1664 788 1706 corpore.

295 1723 346 1761 11.
369 1724 553 1771 619-621
578 1722 633 1759 sic
653 1728 786 1759 extant
807 1721 846 1758 in
867 1720 1022 1759 Gembl.

405 1789 457 1825 At
485 1788 580 1837 quin
609 1787 768 1835 lanigeri
797 1794 927 1836 partus
956 1788 1028 1824 sub
1056 1795 1220 1836 utroque
1250 1787 1404 1837 trigono

297 1857 375 1892 620
405 1853 498 1891 Non
528 1853 649 1902 parcit
678 1852 746 1889 sed
776 1864 861 1889 rara
890 1852 985 1900 gerit
1015 1864 1087 1901 pro
1118 1860 1292 1902 ternpore
1323 1852 1422 1890 bella

404 1918 524 1965 Quod
553 1917 681 1955 feritas
711 1917 910 1966 utriusque
941 1918 1066 1966 magis
1095 1929 1166 1966 pro
1197 1924 1373 1967 ternpore
1403 1918 1518 1966 cogit.

296 1988 374 2032 619
405 1985 456 2021 At
477 1995 565 2021 curn
577 1984 745 2032 plerique
771 1983 868 2020 codd.
882 1987 915 2019 et
932 1995 961 2020 ο.
1015 1985 1093 2020 620
1118 1984 1269 2033 partito.
1329 1986 1402 2020 621
1419 1990 1494 2032 pro
1518 1983 1642 2032 magis

250 2049 364 2089 Voss.²
383 2050 490 2086 habet
507 2060 679 2086 uemens.

296 2115 499 2164 Nusquam
520 2114 643 2163 magis
665 2113 788 2151 elucet
818 2114 1050 2163 praestantia
1070 2113 1376 2160 Gemfflacensis,
1397 2114 1436 2151 in
1464 2124 1642 2163 quo-uno

241 2189 298 2220 est
319 2182 376 2219 At
392 2182 494 2230 quin,
511 2179 549 2218 h.
570 2193 602 2218 e.
625 2180 747 2228 Atque
767 2181 818 2223 in,
837 2192 908 2228 pro
931 2191 1010 2229 quo
1030 2180 1159 2229 inepta
1179 2186 1216 2217 et
1241 2179 1335 2217 falsa
1355 2191 1494 2217 omnes
1513 2178 1642 2216 edide-

243 2254 340 2284 runt.
400 2246 596 2284 Sententia
615 2253 694 2283 est:
716 2253 831 2294 atque
853 2246 891 2282 in
919 2246 1069 2295 genitos
1091 2246 1161 2283 sub
1182 2246 1311 2282 Ariete
1331 2258 1402 2282 non
1414 2246 1546 2294 parcit
1563 2256 1644 2281 non

242 2313 312 2350 sibi
334 2318 521 2362 temperat
547 2312 700 2349 animus
722 2311 866 2349 Leonis
893 2319 930 2349 et
961 2312 1151 2360 Sagittarii
1171 2312 1238 2348 sub
1259 2316 1411 2359 utroque
1439 2312 1585 2360 trzgono
1606 2310 1645 2346 in

242 2385 405 2427 utroque
432 2377 576 2427 angulo
604 2377 756 2425 trigoni,
779 2378 843 2413 sed
862 2390 957 2413 rara
979 2378 1082 2426 gerit
1106 2377 1198 2413 bella
1222 2388 1310 2413 cum
1331 2388 1377 2413 eo
1398 2383 1472 2425 pro
1491 2381 1645 2424 tempore

243 2450 356 2496 prout
386 2451 538 2493 tempus
567 2443 745 2492 postulat,
776 2443 814 2480 id
847 2443 946 2491 quod
975 2443 1165 2491 utriusque
1178 2443 1325 2492 stritus
1353 2440 1408 2492 (et
1437 2440 1580 2479 Leonis
1609 2447 1646 2479 et

767 2528 776 2546 ¹
801 2528 885 2560 Vide
904 2528 1117 2571 Epimetrum.
