1786 2878
314 820 641 874 NOCTES
705 818 1266 873 MANILIANAE.

720 990 856 1010 —40—

695 1108 814 1150 LIB.
847 1109 887 1161 1.⁴

146 1211 176 1249 Ι.
200 1222 260 1261 25,
286 1214 333 1249 26
356 1212 410 1252 sic
429 1219 560 1250 extant
579 1213 617 1249 in
639 1211 793 1250 Gembl.
814 1219 912 1250 teste
934 1224 1132 1251 THOMASIO

253 1276 384 1324 Quem
412 1278 577 1327 primum
606 1278 764 1316 interius
792 1277 909 1316 lucuit
937 1289 1175 1327 cognoscere
1205 1277 1311 1314 terris

307 1341 360 1373 uel
381 1352 401 1374 e

254 1385 420 1423 Munera
448 1385 667 1424 caelestum.

149 1462 197 1500 25
217 1451 376 1489 internis
405 1451 584 1488 Vossz'czm'.
639 1451 744 1489 licuit
755 1452 936 1500 plerique.

148 1516 311 1566 Signum
330 1516 591 1565 interrogandi
611 1523 699 1566 post
711 1518 898 1554 caelestum
916 1516 1085 1565 Scaliger
1098 1515 1297 1553 Bentleius
1317 1515 1484 1553 Iacobus

91 1588 312 1632 posuerunt.
389 1581 525 1630 Nuper
574 1594 668 1620 uero
709 1582 957 1628 Thomasius‚
999 1581 1235 1618 adsentiente
1283 1593 1330 1618 ex
1378 1588 1484 1630 parte

92 1647 283 1685 Kramero
312 1646 360 1684 de
388 1646 578 1685 infinitiuo
607 1659 667 1696 ap.
698 1647 903 1685 Manilium
933 1660 970 1696 p.
999 1648 1062 1692 66,
1088 1646 1245 1694 negauit
1274 1646 1485 1694 interroga-

91 1713 188 1750 tioni
215 1712 278 1750 hic
306 1712 436 1751 locum
465 1724 559 1758 esse,
580 1714 699 1750 uerba
727 1713 781 1750 sic
810 1713 1083 1762 interpretans:
1120 1711 1232 1757 Quem
1263 1710 1486 1763 (mundum)

91 1779 199 1816 licuit
227 1779 339 1815 terris
370 1778 449 1816 siue
483 1778 701 1816 hominibus
731 1779 885 1815 inierim
914 1790 1121 1827 cognoscere
1140 1779 1310 1826 primum
1340 1789 1487 1814 munere

91 1844 290 1889 caelestum,
320 1851 362 1881 ut
399 1856 516 1882 omne
555 1844 765 1882 sententiae
803 1843 958 1894 pondus
996 1843 1137 1880 inesset
1175 1842 1302 1880 uerbis
1342 1855 1487 1879 munere

92 1910 296 1948 caelestum.

146 1974 299 2012 Vellem
318 1974 380 2012 hic
399 1974 528 2013 liceret
543 1974 635 2012 mihi
652 1974 764 2012 amici
785 1973 1011 2012 sententiam
1025 1972 1216 2022 amplecti.
1260 1971 1336 2010 Sed
1356 1972 1487 2009 nescio

91 2039 291 2089 quomodo
319 2039 504 2089 languent
533 2041 587 2078 sic
615 2041 734 2078 uerba
764 2047 852 2090 post
882 2039 1132 2089 magnificum
1162 2038 1254 2076 illud
1284 2037 1486 2076 exordium

96 2116 225 2152 20-24

254 2169 355 2208 Bina
382 2170 476 2208 mihi
504 2171 639 2220 positis
667 2170 797 2208 lucent
825 2169 957 2207 altaria
977 2169 1154 2207 flammis.

255 2236 319 2273 Ad
347 2235 425 2274 duo
454 2236 597 2286 templa
625 2249 772 2285 precor,
802 2235 944 2285 duplici
973 2235 1232 2273 circumdatus
1261 2241 1367 2271 aestu

257 2301 448 2339 Carminis
477 2308 513 2339 et
542 2314 692 2347 rerum;
724 2308 829 2339 certa
858 2313 946 2338 cum
975 2301 1060 2350 lege
1089 2306 1297 2338 canentem

256 2365 429 2404 Mundus
458 2373 494 2404 et
514 2367 704 2404 immenso
733 2373 861 2403 uatem
890 2365 1167 2414 circumstrepit
1197 2364 1304 2410 orbe,

255 2431 412 2482 Vixque
442 2432 565 2470 soluta
595 2432 671 2469 suis
700 2431 865 2468 immittit
894 2432 1011 2469 uerba
1041 2431 1182 2480 figuris,

95 2497 214 2546 fitque
233 2498 342 2547 quasi
363 2497 569 2535 descensus
589 2497 770 2535 orationis
790 2509 912 2546 paene
936 2509 983 2533 ex
1009 2496 1219 2546 praecipiti.
1279 2494 1486 2532 Manifesto

100 2573 160 2610 25,
185 2565 232 2600 26
254 2563 302 2601 ad
322 2575 367 2601 ea
386 2563 599 2601 referuntur
619 2575 715 2612 quae
735 2569 822 2611 post
843 2563 1047 2600 subnexuit
1070 2574 1131 2610 30,
1157 2574 1200 2608 31

805 2641 826 2665 B
