1786 2878
220 155 271 199 72
634 151 829 184 NOCTES
855 150 928 182 MA
936 150 1185 182 NILIANAE

217 260 359 310 paratis
375 257 504 297 Voss.¹
525 264 560 296 et
575 257 665 296 Cus.
679 269 767 296 cum
781 270 799 295 o
819 256 1046 295 eliciendum
1062 262 1161 294 esset
1181 255 1258 292 telis
1273 256 1484 304 pugnantia
1504 255 1604 299 caeli,

218 338 307 364 cum
336 337 384 363 ex
417 328 592 372 corrupto
621 323 718 360 caeli
741 327 862 360 lraclu
894 321 991 360 Aen.
1022 322 1070 359 iii.
1106 322 1191 369 138,
1221 319 1314 357 Luc.
1343 320 1378 357 ii.
1413 332 1487 357 200
1517 320 1611 357 caeli

218 397 405 439 terraeque
419 391 505 434 lues,
520 389 600 426 lues
614 395 650 426 et
662 389 786 426 morbi
800 388 889 426 oriri
906 387 1092 425 dicantur.
1137 385 1394 424 Disertissime
1409 384 1608 423 Lucretius

220 457 267 493 vi.
293 456 447 504 1094-6
472 454 529 491 Et
546 459 674 491 contra
704 466 796 502 quae
824 454 902 490 sz'nl
928 453 1049 490 morbo
1078 453 1254 500 mortique
1282 455 1453 488 necessest
1479 449 1609 487 fllulta

221 523 371 559 uolare:
403 533 444 557 ea
473 532 575 569 quom
596 533 685 556 casu
713 527 801 555 sunt
813 519 922 569 forle
950 521 1071 555 coorta
1091 517 1148 554 Et
1158 517 1436 566 perturbarunl
1461 516 1610 560 caelum,

212 589 266 637 fit
285 586 469 624 morbidus
489 598 564 622 aer.
608 585 744 634 Itaque
772 585 848 621 duo
869 583 1049 621 uidentur
1074 583 1211 619 tradita
1231 582 1346 619 fuisse
1367 581 1425 632 (1)
1447 581 1484 618 id
1505 580 1610 630 quod

223 653 338 690 habet
359 650 512 689 Gembl.
532 658 569 688 et
589 650 718 688 Voss?
746 651 862 686 caecis
873 649 1090 698 pugnantia
1111 649 1203 694 telis,
1234 646 1292 698 (2)
1312 648 1392 684 telis
1398 647 1612 696 pugnantia

224 719 326 756 caeli.

277 793 433 820 uersum
466 780 703 818 dimidiatum
729 787 796 828 per
830 784 934 817 tanta
964 779 1134 828 pericula
1173 779 1302 815 morlz's
1340 777 1531 814 Breiterus
1566 776 1613 814 de

224 847 415 886 emendat.
446 845 579 883 Manil.
605 858 641 895 p.
666 855 710 893 17
743 857 791 882 ex
819 844 908 882 Ioco
938 856 1008 881 suo
1040 844 1217 881 tralatum
1249 843 1416 888 credidit,
1447 853 1615 891 cumque

227 925 301 961 952
326 911 591 961 imperfectum
620 910 842 948 tradiderint
862 909 1012 947 codices
1031 909 1088 946 Et
1095 909 1213 958 finem
1242 910 1336 946 uz'lae
1365 909 1503 953 relinet,
1528 919 1615 944 cum

226 979 300 1016 hoc
321 977 531 1022 coniunxit,
551 976 687 1013 ultimo
707 975 900 1013 uocabulo
920 976 1048 1011 morlz's
1068 974 1212 1012 omisso

442 1042 493 1079 Et
522 1042 637 1078 finem
666 1040 768 1078 uitae
796 1041 931 1078 retinet
959 1052 1028 1089 per
1057 1046 1162 1077 tanta
1192 1038 1344 1089 pericla.

230 1108 306 1146 Sed
336 1120 459 1157 neque
492 1106 581 1144 huic
611 1106 698 1144 loco
725 1112 836 1155 aptus
866 1112 933 1151 est,
954 1117 1078 1155 neque
1107 1112 1163 1142 est
1192 1117 1258 1142 eur
1278 1103 1487 1142 Vossiani²
1508 1103 1617 1140 libra-

229 1175 327 1211 rium
343 1173 404 1210 hic
419 1180 528 1222 putes
545 1184 702 1217 errasse,
722 1174 761 1208 in
777 1171 911 1208 ceteris
932 1170 1153 1219 diligentem
1169 1182 1177 1216 ;
1209 1177 1244 1207 et
1260 1170 1414 1219 periisse
1435 1168 1619 1206 nonnulla

229 1246 317 1288 post
365 1250 439 1286 902
485 1237 557 1274 alia
595 1236 813 1282 ostendunt,
852 1237 1056 1285 praecipue
1093 1235 1156 1273 illa
1210 1235 1359 1272 Viribus
1407 1234 1620 1282 ambiguum

223 1305 394 1353 geminis.
451 1302 510 1339 Ea
540 1301 734 1339 Bentleius
767 1301 998 1338 emendabat
1030 1300 1232 1339 scribendo
1264 1300 1416 1338 Viribus
1446 1299 1620 1347 ambzgrua

231 1372 270 1406 in
293 1369 464 1418 geminis,
488 1367 525 1404 h.
545 1380 576 1404 e.
597 1366 696 1404 bella
717 1367 956 1404 morborum.
1015 1366 1127 1413 Quae
1149 1366 1366 1403 emendatio
1396 1377 1466 1402 nec
1494 1376 1560 1413 per
1580 1375 1620 1400 se

231 1434 450 1485 probabilis,
471 1440 508 1470 et
528 1439 615 1482 post
635 1439 828 1481 repertum
855 1432 970 1469 istum
991 1431 1232 1469 dimidiatum
1261 1442 1416 1468 uersum
1443 1442 1523 1468 non
1546 1429 1621 1466 iam

232 1499 447 1537 necessaria
491 1498 693 1535 inuenitur.
755 1497 916 1534 Videtur
953 1497 1057 1534 enim
1097 1497 1284 1534 excidisse
1323 1495 1505 1541 neutrale,
1544 1506 1621 1544 quo

234 1565 416 1602 reseratur
435 1564 660 1611 mnbzgzuum,
679 1562 758 1600 siue
772 1561 782 1580 ¹
798 1575 916 1611 genus
939 1562 1016 1599 siue
1038 1567 1174 1611 tempus
1194 1562 1273 1599 siue
1294 1561 1385 1611 quid
1404 1559 1624 1598 huiusmodi

234 1629 315 1667 fuit.
372 1628 448 1667 Sed
472 1628 610 1666 eximie
640 1627 836 1665 Bentleius
857 1640 1031 1676 casusque
1051 1628 1173 1675 deique
1193 1627 1383 1664 scribebat
1411 1624 1624 1663 secundum

235 1695 330 1732 Met.
360 1695 433 1731 xiv.
469 1695 540 1730 162
571 1694 695 1742 quite
723 1706 875 1729 casusne
905 1693 1034 1729 deusne
1063 1691 1210 1738 Seruat,
1242 1691 1538 1728 Achaemenide?
1564 1689 1625 1727 cui

236 1759 498 1798 emendationi
546 1770 625 1796 non
663 1757 909 1807 praetulerim
949 1757 1081 1794 Iacobi
1128 1757 1382 1795 coniecturam
1429 1768 1626 1804 causaeque

237 1825 371 1874 (Celso
398 1837 511 1860 causa
540 1824 697 1860 morbus
723 1829 780 1860 est
810 1822 858 1860 iii.
885 1835 905 1870 3
934 1821 1020 1859 haec
1050 1823 1192 1871 quidem
1217 1823 1321 1859 sanis
1325 1822 1511 1871 facienda
1530 1825 1625 1866 sunt,

237 1895 377 1928 lanlum
392 1902 541 1926 causam
556 1888 802 1934 meluenlz‘bus,
820 1888 867 1925 iii.
884 1900 902 1924 2
918 1888 1022 1925 donec
1038 1889 1153 1925 omnis
1168 1900 1300 1924 causae
1312 1884 1627 1936 molusfim'alur),

239 1968 312 1993 nec
351 1955 535 1992 Italorum
574 1951 622 2004 (si
662 1953 780 1990 modo
815 1951 900 2003 fuit)
935 1954 1067 2002 dieque,
1098 1965 1188 1991 cum
1222 1952 1345 1990 febres
1384 1952 1627 2002 quotidianae

239 2020 423 2058 tertianae
445 2026 657 2068 quartanae
677 2031 724 2055 ex
746 2019 880 2055 diebus
900 2018 1085 2055 dicantur.

294 2085 345 2123 ΙΙ.
366 2094 551 2134 905—910
573 2084 625 2120 sic
647 2091 775 2121 extant
795 2083 832 2119 in
855 2082 1008 2121 Gembl.

351 2149 427 2187 Sed
457 2149 625 2186 medium
656 2155 743 2197 post
772 2156 872 2185 astra
905 2148 1006 2185 diem
1036 2154 1264 2197 curuataque
1294 2148 1458 2197 primum

350 2214 527 2253 Culmina
557 2214 722 2251 nutantis
751 2226 903 2251 summo
933 2214 980 2251 de
1010 2214 1148 2251 uertice
1179 2213 1310 2250 mundi

351 2279 518 2317 Aethera
547 2279 696 2328 phebus
725 2286 789 2316 aut
818 2279 890 2316 sub
919 2291 1073 2329 quoque
1103 2290 1265 2327 corpora
1294 2285 1422 2315 nostra

351 2345 574 2383 Decernunt
603 2345 693 2381 uitia
722 2352 757 2381 et
786 2343 976 2381 fortunam
1007 2356 1054 2381 ex
1084 2344 1225 2380 uiribus
1254 2343 1334 2380 eius

353 2412 613 2460 Concupiunt,
645 2410 739 2447 deus
769 2410 826 2447 ille
857 2410 964 2448 locus
994 2411 1063 2448 sub
1094 2412 1248 2447 nomine
1279 2410 1384 2458 graio

353 2477 510 2515 Dicitur.

682 2539 689 2558 ¹
717 2540 832 2572 Fuitne
856 2541 1097 2582 Tab{fictt»rqtce
1109 2550 1213 2581 genus
1224 2540 1239 2571 .-’
