1786 2878
510 125 579 156 AD
611 124 814 156 ARATEA
852 125 1142 157 GERMAAYCJ
1445 129 1523 169 247

137 230 212 268 Pro
246 234 384 268 tenetur
411 230 569 268 Grotius
592 232 755 280 seretur,
787 243 856 279 pro
891 232 1062 268 dz'slz‘nctcz
1097 231 1325 268 emendabat
1359 232 1524 276 (intenta,

136 309 187 333 sc.
205 308 348 334 cornua
368 308 478 334 arcus
495 296 686 334 Centauri.
733 296 868 345 Itaque
889 297 1149 334 nominatiuus
1165 296 1213 333 ad
1219 297 1371 346 feretur
1391 295 1525 333 Venus

136 362 216 398 erit.
274 360 371 398 Mihi
402 363 540 411 sagz‘lla
570 362 697 411 potius
725 373 795 410 pro
825 362 1063 399 nominatiuo
1093 368 1290 408 censetur3
1321 366 1458 398 tenetur
1487 361 1525 397 in

135 430 280 473 teretur,
309 428 443 476 rapida
469 428 507 464 in
534 428 669 476 rapida
696 441 738 464 ac
767 434 884 464 muto.
942 416 1021 473 Qui
1051 427 1089 463 in
1119 440 1166 465 eo
1195 434 1251 464 est
1280 434 1321 464 ut
1352 427 1525 475 sagittam

135 493 291 538 emittat,
314 505 423 530 arcus
442 501 588 542 partem
608 505 705 542 quae
725 493 820 529 inter
839 504 983 530 cornua
1004 502 1061 529 est
1081 493 1219 541 sagitta
1240 493 1332 529 terit.
1390 491 1526 529 Verbis

729 569 818 595 cum
847 570 913 606 per
943 558 1097 595 sinuosa
1128 564 1266 595 teretur

298 623 454 661 Cornua
483 623 665 661 Centauri
696 623 829 672 rapida
858 635 902 660 ac
933 623 1098 661 distenta
1128 623 1264 672 sagitta

135 688 227 725 nihil
249 688 350 726 aliud
371 689 603 738 significatur
623 689 694 725 nisi
715 688 908 726 Venerem
931 696 1010 726 turn
1032 690 1071 725 in
1094 688 1300 738 Sagittario
1321 701 1415 725 esse.

193 764 265 803 137
298 754 623 803 Quandoquidem
653 755 821 791 exoritur
851 755 969 803 signis
999 766 1154 804 quoque
1185 754 1390 803 Cylleneus

297 819 403 866 Quid
432 819 572 857 faceret
602 820 727 868 primo
758 819 871 857 docui
902 832 990 857 curn
1021 821 1163 857 lumine
1194 820 1282 857 solis

299 885 477 934 Tempus
505 892 542 922 et
571 897 731 922 occasus
760 892 916 922 moneat
945 898 1044 935 quae
1075 885 1219 923 discere
1251 885 1406 922 Phoebi.

135 949 292 988 Frustra
321 959 392 999 137
424 950 682 987 emendabant
712 949 871 988 Grotius
906 950 1108 988 scribendo
1140 950 1183 996 Q.
1211 955 1365 988 exorsus
1394 951 1525 987 mundo

137 1015 325 1065 Cyllenius
353 1017 463 1064 lgnz's,
487 1015 744 1053 Baehrensius
772 1015 814 1061 Q.
841 1018 1013 1054 exom'lur
1041 1018 1163 1065 segnis
1191 1029 1296 1065 quom
1325 1015 1524 1065 Cylleneus,

134 1081 253 1119 ethic
277 1082 433 1131 quidem
459 1082 568 1119 metri
594 1082 677 1131 lege
704 1082 848 1119 uiolata
873 1095 950 1132 qua
976 1082 1259 1131 spondiazonta
1285 1081 1458 1131 dactylus
1486 1082 1524 1117 in

134 1153 269 1197 quarto
289 1147 386 1197 pede
407 1148 611 1197 praecedit.
669 1147 815 1184 Vitium
835 1148 946 1185 traxit
966 1161 1116 1196 quoque.
1177 1147 1366 1196 Scriptum
1387 1146 1507 1184 fuerat

296 1212 626 1262 Quandoquidem
656 1213 825 1250 exoritur
853 1213 1003 1262 quoties
1033 1213 1229 1261 Cyllenius
1258 1213 1358 1262 ignis

133 1278 167 1316 h.
186 1291 218 1315 e.
238 1279 424 1328 quoniam
445 1278 560 1316 docui
581 1279 673 1327 quid
690 1278 904 1315 Mercurius
924 1279 1101 1315 exoriens
1122 1278 1259 1316 faceret
1281 1290 1369 1315 curn
1390 1284 1523 1315 exortu

133 1344 236 1390 solis,
265 1356 367 1381 nunc
401 1351 553 1393 tempus
587 1350 643 1381 est
679 1351 719 1380 ut
750 1344 874 1381 discas
905 1355 1004 1392 quae
1034 1352 1190 1381 moneat
1219 1344 1333 1380 etiam
1364 1355 1525 1380 occasus

134 1409 292 1447 Phoebi.

195 1485 266 1523 145
298 1474 403 1512 Hinc
432 1480 469 1511 et
497 1474 689 1524 Agenorei
720 1474 908 1511 stellantia
939 1486 1083 1512 cornua
1113 1474 1207 1510 tauri

297 1539 450 1586 Quidue
480 1539 601 1577 ferant
631 1539 796 1584 Gemini,
826 1539 960 1588 rapido
989 1539 1081 1588 quid
1112 1539 1234 1576 sidere
1265 1539 1424 1584 Cancer,

298 1605 336 1642 Si
365 1605 515 1654 penitus
544 1617 725 1655 quaeres:
766 1605 939 1642 Taurum
970 1605 1115 1642 saeuire
1144 1604 1294 1642 uidebis

194 1673 265 1718 148
297 1671 496 1709 Grandine
525 1683 596 1708 nec
627 1678 758 1708 contra
789 1670 875 1707 ferri
906 1670 1050 1707 ratione
1080 1670 1280 1719 probanda

295 1738 374 1774 Aut
403 1737 556 1775 Cancro
585 1744 649 1774 aut
678 1736 875 1781 Geminis;
916 1736 1059 1773 calidus
1091 1736 1248 1784 uestigia
1278 1742 1403 1772 seruat

297 1803 374 1840 Hic
404 1814 482 1852 quo
512 1803 613 1840 dicta
642 1802 724 1839 Leo
755 1802 956 1850 saeuisque
986 1801 1175 1838 caloribus
1206 1801 1324 1837 ardet.

193 1871 267 1916 148
297 1881 367 1906 nec
396 1875 529 1906 contra
558 1867 644 1905 ferri
674 1868 826 1904 Arund.
856 1872 889 1903 et
916 1866 1073 1903 Meerm.
1133 1865 1216 1903 nitit
1246 1864 1344 1914 (nitit
1373 1864 1522 1915 Paris.)

133 1941 269 1972 contra
302 1933 388 1972 ferri
418 1933 541 1970 Basz'l.
576 1938 609 1970 el
638 1933 769 1970 Paris.
811 1933 876 1969 An
911 1945 979 1969 nec
1014 1940 1146 1970 contra
1181 1932 1274 1968 niti?
1338 1944 1410 1979 149
1448 1932 1523 1968 Aut

134 2000 328 2038 Cancrum
348 2006 412 2037 aut
432 1999 619 2037 Geminos
644 1997 809 2036 Grofsus.

189 2069 197 2084 ‘
210 2065 274 2102 Ait
291 2065 463 2102 Taurum
484 2064 670 2114 grandine
691 2065 836 2101 saeuire
848 2076 858 2110 ,·
890 2063 1085 2101 Cancrum
1106 2075 1261 2111 quoque
1283 2070 1317 2099 et
1335 2061 1524 2099 Geminos

133 2143 213 2169 non
235 2131 318 2168 ferri
339 2130 378 2166 in
398 2130 643 2174 contrarium,
665 2129 768 2178 quod
795 2129 890 2166 foret
916 2128 1154 2177 optandum:
1186 2129 1264 2165 imo
1291 2135 1327 2164 et
1349 2127 1522 2165 Leonem

133 2195 302 2246 praefata
350 2208 500 2233 seruare
543 2195 855 2244 praecedentium
900 2194 1067 2231 siderum
1110 2193 1296 2242 uestigia.’
1355 2192 1521 2230 Grotius.

134 2261 253 2311 Atqui
274 2260 377 2298 MSS
397 2260 538 2298 habent
559 2261 641 2296 Aul
663 2273 796 2296 cancro
826 2265 893 2296 aul
908 2261 1081 2308 geminis,
1103 2259 1208 2308 quod
1230 2266 1360 2308 aperte
1381 2257 1522 2307 pendet

134 2340 182 2364 ex
202 2326 393 2364 uocabulo
407 2325 615 2375 probanda,
637 2326 696 2362 cui
717 2325 786 2362 soli
807 2324 989 2362 adhaeret
1011 2325 1189 2373 negatiua
1214 2323 1395 2372 particula
1422 2336 1520 2372 quae

135 2393 205 2428 sub
225 2404 285 2428 nec
306 2391 354 2441 (el
372 2391 458 2441 non)
481 2391 693 2428 includitur.
752 2390 835 2426 Iam
856 2390 1028 2427 Taurum
1056 2391 1129 2426 nz‘lt'
1150 2396 1293 2434 contra,
1318 2401 1395 2426 non
1410 2389 1527 2438 ferri

134 2457 220 2506 quis
249 2457 391 2494 dubitet
422 2456 696 2494 Germanicum
724 2455 891 2493 dixisse?
951 2455 1109 2503 Semper
1137 2455 1239 2491 enim
1269 2454 1320 2491 sic
1354 2454 1521 2502 pingitur

136 2521 298 2568 Taurus,
321 2522 444 2560 nitens
464 2529 498 2559 et
523 2521 630 2571 quasi
656 2521 804 2558 luctans
831 2528 966 2558 contra
992 2520 1191 2556 obstantia.
1252 2518 1368 2564 Quod
1396 2519 1521 2555 nititur
