1786 2878
770 145 835 175 [Η
1413 147 1429 174 1
1442 146 1490 189 13

155 251 257 298 Quia
277 250 425 288 numeri
446 261 636 287 annorum
658 248 893 286 descendunt
916 248 1117 298 gradatim,
1132 260 1244 286 uersu
1264 255 1390 286 autem
1415 251 1459 285 61
1472 262 1490 285 2

101 317 307 366 praecessit
345 327 524 353 numerus
563 326 753 352 annorum
792 327 852 362 23,
885 326 1039 351 necesse
1079 320 1136 351 est
1175 314 1301 350 minor
1331 313 1406 351 hoc
1447 314 1493 350 sit

101 393 282 418 numerus
302 382 410 419 cuius
429 381 467 417 in
489 383 566 427 614
586 379 732 417 mentio
752 378 802 416 fit.
856 379 1092 428 Itaquenon
1112 385 1236 428 potest
1252 390 1386 415 uerum
1408 390 1495 416 esse

100 452 155 483 ter
174 447 276 491 dena,
298 446 403 495 quod
423 451 525 483 extat
546 445 585 482 in
605 444 734 482 Voss2
754 450 792 482 et
813 443 1076 481 Vrbinatibus.
1135 443 1210 481 Sed
1231 456 1301 481 nec
1322 448 1376 480 ter
1395 456 1494 488 sena,

100 523 179 561 quo
199 511 404 560 significari
424 511 547 560 potuit
566 510 762 559 regionem
782 516 893 558 super
912 522 1060 546 occasus
1083 510 1161 546 siue
1182 522 1251 546 vm
1277 508 1495 546 octodecim

101 589 224 614 annos
244 589 291 613 ex
312 577 447 626 uiginti
462 576 581 613 tribus
597 576 778 612 remz'llere
796 582 833 612 et
853 574 1074 612 condonare
1096 575 1277 620 nascenti,
1295 586 1340 611 ea
1361 585 1496 611 uersus

101 641 355 679 conformatio
376 641 509 691 recipit
530 653 626 690 quae
647 640 685 677 in
708 639 859 678 Gembl.
881 640 1017 677 tradita
1037 646 1103 677 est.

266 706 383 753 Quod
412 719 528 755 super
557 717 718 743 occasus
746 709 933 755 temptati-1
964 704 1021 756 (tsi
1050 706 1089 742 in
1120 702 1215 755 ras.)
1245 710 1301 742 est
1332 702 1368 755 (e
1397 705 1436 741 in

373 772 468 821 ras.)
499 771 598 809 dena
626 770 783 808 remittit

264 837 469 874 Annorum
499 836 632 885 spatia.

104 901 206 940 Nam
227 903 331 952 quod
346 901 565 940 emendatio
583 900 742 938 Bentleii
755 902 921 950 lemplum
938 905 999 944 esl,
1016 901 1082 938 hoc
1102 901 1227 937 multis
1248 907 1363 949 atque
1383 900 1499 937 etiam

104 968 250 1005 Iacobo
269 980 362 1005 uera
381 968 464 1005 uisa
483 973 549 1012 est,
565 967 684 1004 miror
704 973 759 1003 tot
779 966 955 1003 homines
973 978 1043 1015 pro
1064 970 1168 1003 certo
1188 966 1377 1015 recepisse
1394 964 1500 1014 quod

103 1033 396 1070 incertissimum
418 1032 474 1070 sit.
533 1032 743 1069 Rarissima
763 1037 820 1069 est
840 1031 1058 1068 huiusmodi
1081 1031 1308 1080 corruptela,
1332 1031 1501 1078 templum

104 1106 145 1136 ut
171 1099 210 1135 in
229 1102 439 1147 temptatum
466 1098 601 1135 abeat:
634 1097 735 1134 aliud
761 1097 926 1146 requiro.
985 1096 1219 1134 Succurrunt
1251 1108 1333 1133 non
1363 1107 1499 1145 pauca,

104 1165 323 1212 lemplczlum,
356 1167 537 1209 metatum,
574 1164 749 1200 mtentum
764 1176 781 1207 ,·
827 1175 875 1199 ne
910 1163 1123 1210 templorum
1156 1161 1311 1210 quidem
1344 1172 1503 1210 prorsus

106 1227 374 1272 abiciendum;
405 1226 483 1264 duo
512 1226 617 1263 enim
647 1225 745 1272 dicit,
777 1225 951 1274 superius
983 1227 1073 1271 614,
1105 1224 1259 1262 inferius
1291 1226 1381 1270 616,
1412 1223 1449 1260 h.
1471 1235 1503 1260 e.

106 1304 221 1342 supra
241 1304 422 1329 occasum
443 1298 480 1328 et
501 1290 609 1328 infra.

161 1357 281 1403 Quod
309 1357 516 1405 templatum
550 1357 589 1392 in
622 1355 681 1393 his
715 1363 784 1400 est,
813 1355 1046 1393 uocabulum
1076 1354 1244 1404 alioquin
1274 1354 1503 1399 inauditum,

106 1430 256 1472 poterat
285 1422 323 1458 in
354 1421 504 1458 Manilii
533 1422 625 1467 ἅπαξ
654 1422 847 1467 εἰρημένοις,
875 1432 974 1470 quae
1006 1419 1218 1456 Kramerus
1246 1419 1437 1467 congessit
1457 1418 1504 1455 de

109 1488 256 1525 Manilii
271 1487 484 1525 elocutione
500 1498 560 1535 pp.
579 1499 639 1534 32,
658 1499 706 1534 33
724 1486 840 1523 etiam
855 1486 930 1523 hoc
947 1498 1040 1523 esse.
1071 1484 1149 1531 Qui
1165 1486 1347 1533 clepsisse!
1359 1484 1509 1533 perodz'l

107 1555 276 1591 breuiore
296 1551 458 1589 ¹aurare
479 1551 564 1601 (IV.
580 1551 675 1601 515)
695 1552 902 1600 usurpauit,
925 1563 992 1588 cur
1013 1551 1100 1588 huic
1121 1551 1296 1599 templare
1316 1550 1506 1598 deneges?

109 1618 155 1655 Id
193 1626 257 1655 aut
294 1618 393 1655 inter
429 1617 665 1655 archaismos
700 1616 940 1654 referendum
979 1602 1079 1654 esset
1113 1622 1179 1653 aut
1210 1628 1257 1652 ex
1289 1615 1505 1664 composito

108 1685 298 1732 contemplo
326 1683 493 1728 ductum,
515 1682 653 1720 eodem
678 1682 798 1719 modo
818 1694 897 1730 quo
918 1694 1040 1731 nuper
1060 1682 1098 1718 in
1118 1681 1228 1718 titulo
1249 1682 1290 1717 de
1309 1680 1510 1729 sumpsibus

109 1750 278 1786 ludorum
299 1750 614 1797 gladz'atorz‘orum
639 1749 846 1784 minuendis
869 1760 983 1796 quem
1004 1747 1078 1784 hoc
1100 1747 1185 1796 ipso
1206 1758 1310 1784 anno
1333 1745 1506 1783 Momm-

110 1827 224 1852 senus
258 1814 374 1852 edidit
407 1814 447 1851 in
481 1813 829 1851 Obseruationibus
861 1812 1132 1862 Epigraphicis
1166 1824 1203 1861 p.
1236 1813 1311 1859 389
1348 1823 1430 1860 sqq.
1460 1823 1507 1847 ex

110 1879 331 1928 compositis
369 1880 515 1928 inplere,
550 1879 696 1927 replere,
731 1879 894 1927 conplere
930 1877 1063 1915 forma.
1097 1874 1258 1926 simplex
1288 1877 1422 1925 plendz'
1450 1876 1509 1912 in-

110 1945 274 1982 uenitur.
332 1944 445 1982 Certe
479 1944 560 1981 uim
594 1956 703 1981 suam
733 1943 885 1980 uidetur
913 1942 1054 1980 habere
1084 1943 1295 1991 templalium
1324 1942 1363 1978 in
1393 1953 1506 1978 uersu

113 2009 286 2047 Manilii:
317 2016 374 2048 est
393 2009 496 2047 enim
519 2009 647 2059 ‘quod
672 2009 837 2058 spatium
864 2008 958 2045 caeli
988 2008 1026 2045 in
1056 2007 1245 2057 templum
1275 2007 1508 2056 descriptum

112 2083 168 2112 est
197 2088 310 2125 super
338 2075 548 2113 oceasus':
588 2074 677 2111 inde
707 2073 816 2111 facile
847 2073 1026 2123 suppleas
1060 2073 1109 2111 ad
1138 2072 1321 2120 Interius,¹
1347 2071 1409 2109 uel
1440 2070 1508 2107 In-

97 2142 241 2191 firius,
263 2140 301 2177 id
318 2140 423 2190 quod
443 2141 482 2177 in
501 2141 622 2177 uerbo
642 2140 850 2188 templatum
867 2139 967 2184 latet,
988 2139 1183 2190 (emplumj

168 2205 313 2244 Versus
355 2217 514 2255 quoquo
557 2205 678 2242 modo
724 2204 979 2242 restituendus
1018 2204 1098 2249 erit,
1136 2205 1228 2240 dena
1266 2202 1508 2240 retinendum

114 2283 265 2316 censeo,
297 2272 451 2308 remittit
477 2271 529 2308 sic
560 2271 786 2319 interpretor
815 2276 855 2306 ut
886 2269 1033 2306 dicatur
1066 2269 1172 2318 regio
1202 2281 1269 2305 vm
1299 2280 1345 2305 ex
1375 2267 1509 2315 uiginti

115 2337 234 2373 tribus
272 2336 394 2382 annis,
429 2348 525 2385 quos
559 2336 664 2385 prior
697 2335 803 2383 regio
837 2347 890 2372 ΧΠ
925 2335 1117 2380 tribuerat,
1151 2333 1284 2371 decem
1320 2332 1510 2369 remittere

117 2402 198 2439 siue
238 2401 471 2439 subtrahere.
540 2400 794 2438 Relincuntur
834 2400 925 2438 anni
967 2400 1162 2445 tredecim,
1197 2411 1321 2447 neque
1359 2397 1398 2434 hi
1440 2396 1510 2433 soli

120 2553 147 2584 L
163 2509 173 2526 ²
197 2509 303 2559 ‘Illud
329 2511 478 2541 aurauz't
505 2520 588 2551 quae
613 2509 721 2540 audax
745 2508 836 2539 uerbi
862 2507 951 2540 fictio
975 2508 1102 2540 uidetur
1122 2508 1211 2539 esse.'
1258 2505 1376 2537 Carrio
1401 2505 1513 2546 Antiq.

150 2558 212 2585 eet.
229 2563 248 2584 1.
271 2562 320 2585 20.

807 2620 818 2644 1
