1786 2878
784 172 830 202 Η
1449 179 1497 220 31

109 286 269 325 Consol.
290 287 389 325 xviii.
413 300 433 324 2
456 288 586 325 uidetis
605 292 823 326 nocturnam
854 289 964 326 lunae
990 291 1254 336 successionem,
1275 303 1297 327 a
1303 291 1503 341 fraternis

108 353 318 391 occursibus
346 354 420 390 lene
446 355 710 402 remissumque
736 354 856 391 lumen
883 359 1103 392 mutuantem
1133 360 1168 392 et
1193 356 1292 393 modo
1315 358 1502 404 occultam,

107 420 209 457 modo
223 423 292 456 toto
303 431 364 456 ore
378 420 489 456 terris
509 420 760 465 imminentem,
776 421 1038 458 accessionibus
1054 421 1267 469 damnisque
1281 422 1500 470 mutabilem,

104 491 244 534 semper
251 485 456 533 proximae
474 485 698 523 dzsszmz'lem.
755 485 846 523 Hoc
866 485 895 523 si
916 486 1052 531 uerius,
1073 486 1321 524 scribendum
1343 487 1411 525 erit

270 549 336 587 Tu
364 562 518 600 quoque
548 549 721 588 fraternis
750 550 873 588 credis
903 549 1047 602 (reddis
1060 550 1090 601 ?)
1116 552 1146 589 si
1175 552 1397 590 occursibus
1417 565 1500 592 ora,

160 615 213 654 ΙΙ.
248 617 322 652 118

284 680 567 730 Signorumque
597 680 737 719 choros
766 693 810 718 ac
839 681 975 718 mundi
1003 681 1183 720 flammea
1211 688 1311 720 tecta

160 745 420 784 Wakefieldus
456 745 506 783 ad
544 745 695 784 Lucret.
735 747 756 784 i.
793 759 892 795 1013
933 747 1063 796 templa
1102 748 1318 797 corrigebat
1333 760 1344 795 3
1384 747 1500 798 idque

105 824 241 850 uerum
260 811 423 849 uidetur.

159 878 211 915 ΙΙ.
244 890 329 924 124,
357 887 430 926 125

810 942 996 993 caeloque
1026 944 1174 981 ueniret

267 1007 386 1055 Quod
414 1013 529 1045 uocat
558 1008 598 1045 in
627 1007 777 1046 caelum
807 1020 914 1046 sacra
943 1008 992 1047 ad
1022 1009 1257 1046 commercia
1286 1021 1424 1048 rerum.

105 1074 169 1112 Sic
202 1073 368 1112 codices.
425 1073 571 1112 Nescio
606 1074 709 1111 unde
740 1074 906 1113 Iacobus
937 1074 1098 1111 intulerit
1131 1076 1344 1111 commercia
1378 1076 1497 1114 caeli:

103 1146 206 1178 certe
238 1140 278 1177 in
307 1139 461 1178 Gembl.
490 1146 527 1177 et
556 1139 596 1176 in
625 1139 784 1177 Cusano
816 1152 907 1177 cum
936 1147 1099 1190 utroque
1129 1140 1344 1179 Oxoniensi
1373 1154 1498 1178 rerum

102 1205 244 1243 inueni.

157 1271 209 1309 ΙΙ.
244 1283 426 1319 129—133
457 1270 511 1308 sic
531 1270 658 1308 traditi
679 1277 765 1308 sunt
786 1270 824 1308 in
845 1270 1000 1309 Gembl.

268 1336 343 1374 Sed
373 1349 422 1374 ne
452 1336 647 1374 *circuitu
676 1336 794 1385 longo
824 1337 1029 1374 manifesta
1057 1337 1270 1386 probentur

162 1415 237 1451 130
266 1402 357 1452 Ipsa
386 1401 482 1439 fides
512 1402 618 1451 operi
647 1401 760 1439 faciet
788 1402 1017 1452 pondusque
1047 1402 1241 1451 fidemque

266 1467 370 1505 Nam
400 1479 525 1516 neque
555 1467 740 1516 decipitur
769 1467 864 1505 ratio
893 1480 965 1505 nec
996 1467 1136 1516 decipit
1166 1479 1338 1516 unquam

266 1532 355 1570 Rite
384 1532 552 1570 secunda
580 1532 642 1570 uia
671 1539 728 1570 est
757 1545 803 1570 ac
832 1533 932 1570 ueris
962 1533 1107 1570 credita
1137 1533 1262 1570 causis

264 1598 515 1647 Euentusque
545 1597 655 1635 datur
683 1598 806 1647 qualis
835 1598 1069 1648 praedicitur
1097 1604 1196 1635 ante.

161 1676 236 1713 129
257 1664 436 1701 uidentur
458 1662 547 1701 Cus.
567 1668 602 1700 et
624 1663 802 1702 Vossiani.
836 1675 908 1712 132
932 1663 1098 1701 secanda
1117 1676 1136 1700 o
1156 1667 1189 1700 et
1204 1663 1254 1701 ea'.
1268 1662 1379 1701 Rom.
1398 1673 1499 1712 1510

204 1739 216 1759 1

102 1785 239 1822 causas
262 1772 306 1811 C.
1168 1800 1172 1803 ,

159 1839 279 1888 Quod
303 1838 507 1888 probentur
536 1837 690 1876 Gembl.
725 1838 898 1875 uidentur
931 1837 1022 1876 Cus.
1056 1845 1092 1876 et
1123 1837 1305 1876 Vossiani
1344 1837 1499 1883 habent,

102 1903 178 1942 hoc
202 1904 363 1943 alterum
382 1905 555 1942 uidentur
574 1916 621 1942 ex
642 1909 831 1941 morentur
855 1904 1030 1942 uitiatum
1050 1916 1146 1950 reor,
1169 1903 1500 1953 quemadmodum

1144 1978 1183 1998 ul

103 2013 142 2050 in
175 2022 263 2062 437,
294 2012 361 2050 ubi
386 2013 425 2050 in
454 2013 588 2051 ceteris
619 2011 819 2051 codicibus
852 2025 969 2050 mores
1001 2019 1068 2058 est,
1101 2025 1217 2049 mores
1242 2011 1281 2049 in
1310 2024 1329 2049 ο
1358 2012 1500 2050 inueni.

104 2078 210 2115 Tum
229 2091 266 2117 u.
292 2091 367 2127 130
376 2078 476 2128 fides
496 2077 672 2116 Bentleio
692 2085 750 2115 est
776 2080 858 2116 ‘res
878 2078 971 2128 ipsa,
992 2078 1077 2128 ipsa
1096 2078 1236 2115 scilicet
1254 2077 1500 2126 experientia,

103 2145 187 2194 ipse
225 2144 408 2182 euentus.’
475 2142 576 2181 Mihi
619 2143 772 2181 uidetur
808 2144 936 2193 potius
973 2155 1058 2182 esse
1096 2144 1291 2188 ἀξιοπιστία
1330 2149 1500 2188 naturae,

149 2275 169 2297 *
193 2273 318 2305 Mirum
338 2276 386 2305 est
407 2273 497 2315 quod
518 2273 550 2304 in
568 2271 678 2304 Voss.²
693 2272 800 2303 inueni
815 2272 951 2303 circuite
970 2272 1088 2311 longa:
1117 2282 1194 2302 nam
1211 2271 1298 2312 quod
1321 2270 1502 2311 suspicatus

105 2327 204 2356 eram,
221 2318 282 2348 sub
298 2317 349 2348 his
365 2317 466 2348 latere
481 2317 599 2348 circota
615 2327 630 2347 e
646 2317 751 2356 longa,
768 2315 803 2346 id
820 2315 913 2347 locus
929 2316 984 2346 uix
1000 2316 1156 2347 admittit.
1200 2315 1352 2354 κρικωτῆς
1368 2313 1502 2353 σφαίρας

104 2361 172 2392 siue
183 2361 338 2402 sphaerae
348 2361 523 2391 armillaris
533 2359 733 2397 κατασκευὴν
749 2359 902 2390 describit
918 2359 1076 2390 Geminus
1087 2359 1192 2390 Elem.
1204 2359 1337 2389 Astron.
1351 2368 1383 2398 p.
1399 2367 1415 2397 5
1424 2367 1435 2387 1
1452 2358 1482 2387 D
1493 2367 1501 2395 ;

106 2405 147 2436 cs.
161 2404 246 2436 Ptol.
260 2404 379 2445 Geogr.
391 2404 445 2434 vii.
460 2403 490 2434 6.
527 2404 624 2434 Mart.
640 2402 767 2444 Capell.
779 2403 846 2433 viii.
861 2403 896 2433 81
906 2412 923 2442 5
941 2413 1043 2443 neque
1059 2403 1147 2433 enim
1165 2402 1222 2432 uel
1233 2412 1326 2431 axem
1340 2402 1500 2441 polosque,

107 2458 186 2488 quos
214 2447 252 2478 in
275 2448 416 2489 sphaera
442 2457 542 2478 aenea
568 2457 651 2488 quae
678 2445 816 2485 κρικωτὴ
841 2446 974 2483 dicitur,
1000 2446 1046 2476 ad
1067 2445 1306 2485 intellegentiae
1321 2444 1501 2484 conpendia

106 2491 250 2531 au'fixere
267 2491 428 2529 mortales,
444 2501 498 2532 ego
520 2490 626 2522 robori
649 2489 838 2520 mundanae
861 2490 1002 2520 rationis
1024 2494 1195 2530 apponam.
1244 2487 1328 2518 Gell.
1348 2487 1392 2518 iii.
1415 2496 1463 2518 10.
1482 2496 1500 2525 3

106 2534 163 2564 sed
184 2545 234 2565 eos
258 2535 376 2576 (polos)
401 2534 439 2566 in
462 2534 600 2576 sphaera
628 2543 709 2574 quae
733 2532 870 2573 κρικωτὴ
895 2537 1034 2564 uocatur
1054 2537 1189 2574 propter
1212 2531 1406 2563 breuitatem
1433 2541 1500 2561 non

107 2587 217 2608 inesse.
