1786 2878
806 147 833 178 I
1470 153 1520 194 13

127 261 207 300 that
226 261 316 300 with
336 261 459 300 which
478 261 543 300 the
563 262 686 301 whole
707 263 844 313 sphere
868 264 1038 303 revolves
1065 265 1143 304 and
1169 273 1274 304 trace
1301 278 1350 304 an
1375 266 1518 305 outline

126 327 251 365 which
270 327 418 366 follows
436 328 501 366 the
520 328 632 367 circle
653 329 696 366 of
710 329 773 367 the
793 329 886 379 high
906 329 1074 368 heaven?

179 393 228 430 In
249 395 326 431 600
348 395 465 432 miror
485 395 524 431 in
543 406 623 432 uno
639 393 792 432 Gembl.
815 408 966 433 cursum
986 402 1139 434 extare:
1170 397 1235 446 qui
1265 409 1354 434 cum
1382 398 1518 436 uitium

125 459 279 496 traxerit
307 459 345 496 in
367 469 456 507 599,
477 459 601 509 potuit
621 459 736 497 etiarn
756 459 819 497 hic
840 461 1016 498 aberrare
1037 473 1060 499 a
1078 473 1181 498 uero.
1238 460 1352 500 Certe
1378 464 1517 500 circum

124 525 221 561 caeli
235 525 441 563 commode
457 525 624 563 dicturus
640 532 721 563 erat
736 526 881 564 ratione
897 526 1026 564 habita
1041 534 1258 564 ceterorum
1274 528 1514 575 circulorum,

125 591 222 628 sicut
260 590 483 629 Macrobius
521 591 568 628 de
607 591 823 629 Horizonte
862 592 1024 642 loquens
1063 593 1157 630 dixit
1192 593 1229 630 S.
1254 593 1291 631 S.
1320 594 1343 630 i.
1377 604 1435 642 15.
1468 604 1513 643 17

123 654 296 693 Horiz‘on
314 659 367 693 est
382 657 482 693 uelut
496 657 651 705 quodam
672 658 768 694 circo
789 658 999 706 designatius
1018 660 1196 695 terminus
1215 659 1316 704 caeli,
1337 665 1373 697 et
1393 660 1442 697 ib.
1467 673 1514 708 19

121 721 323 758 horizontis
347 722 479 767 circus,
499 728 536 759 et
564 722 604 758 in
632 722 856 760 uniuersum
886 723 932 761 de
962 723 1110 760 circulis
1131 724 1180 761 ib.
1200 723 1307 760 Haec
1337 725 1377 761 de
1405 726 1516 763 circis

121 786 286 823 omnibus
313 786 444 835 quibus
471 787 609 824 caelum
638 788 803 836 cingitur
830 789 928 824 dicta
956 788 1151 838 sufficiunt.
1208 788 1313 835 Quid
1342 790 1447 839 quod
1476 791 1514 828 in

121 851 210 889 loco
240 851 440 890 Ciceronis
469 852 517 890 de
547 851 596 890 N.
626 852 674 889 D.
705 853 740 889 ii.
775 855 832 890 18.
865 862 912 900 47
943 866 1092 902 cumque
1121 855 1213 891 duae
1224 855 1382 904 formae
1400 864 1513 905 prae-

119 920 255 954 stantes
282 918 366 963 sint,
387 930 438 955 ex
456 918 584 955 solidis
596 918 739 966 globus,
762 931 812 956 ex
831 919 963 967 planis
991 923 1108 956 aulem
1133 921 1296 957 circulus
1324 926 1392 957 aut
1414 922 1514 959 orbis

120 984 190 1031 qui
214 983 335 1021 κύκλος
358 982 498 1021 Graece
524 984 662 1020 dicitur
691 983 841 1021 Nonius
869 997 944 1032 432
974 985 1096 1021 circus
1121 985 1298 1032 tradidit;
1333 987 1512 1036 quodque

119 1048 224 1085 idem
243 1049 475 1086 uocabulum
493 1050 617 1086 circus
636 1050 788 1098 saepius
807 1050 963 1087 recurrit
983 1050 1022 1086 in
1043 1049 1240 1088 Ciceronis
1263 1051 1413 1089 Arateis
1435 1065 1465 1090 e.
1475 1066 1511 1103 g.

123 1115 211 1160 266,
227 1116 316 1162 268,
339 1116 413 1163 298
435 1115 495 1151 ille
514 1119 631 1151 aulem
651 1115 752 1152 claro
773 1120 929 1164 quorsus
949 1128 1030 1152 cum
1051 1117 1185 1153 lumine
1204 1117 1337 1154 circus.
1375 1117 1512 1167 Itaque

118 1192 169 1217 ne
203 1179 264 1218 hic
295 1180 452 1230 quidem
482 1179 613 1218 Voss.2
638 1180 800 1219 desero:
840 1192 933 1217 nam
966 1182 1105 1218 circum
1139 1182 1234 1218 caeli
1263 1182 1356 1220 dixit
1389 1183 1512 1219 κύκλον

118 1247 272 1292 οὐρανοῦ.
315 1245 414 1283 Mire
430 1246 469 1283 in
486 1245 643 1284 Cusano
658 1259 808 1283 curcum
825 1246 1008 1296 scriptum
1021 1253 1087 1283 est.
1126 1247 1190 1284 An
1206 1247 1280 1286 hoc
1295 1261 1341 1286 ex
1357 1250 1509 1296 circum,

117 1323 166 1349 ex
185 1324 334 1348 curcum
354 1323 448 1349 uero
471 1311 652 1361 profluxit
671 1324 818 1348 cursum
831 1314 852 1348 ,θ

172 1376 204 1415 Ι.
227 1378 316 1425 631,
342 1389 360 1413 2

277 1442 406 1492 Atque
434 1441 528 1480 haec
556 1448 750 1480 aeternam
780 1442 943 1479 fixerunt
971 1448 1146 1492 tempora
1176 1443 1307 1480 sedem

280 1507 456 1545 Immotis
483 1520 551 1556 per
581 1508 692 1556 signa
719 1507 846 1544 modis
876 1507 1037 1545 statione
1066 1508 1239 1557 perenni.

116 1579 289 1623 eternum
316 1572 404 1610 Cus.
480 1573 633 1610 aeterna
653 1585 682 1610 o.

169 1639 284 1676 modis
302 1639 469 1676 Iacobus
489 1638 632 1676 dictum
652 1645 755 1675 ratus
775 1645 832 1675 est
849 1649 896 1674 ex
917 1636 1085 1675 Lucretii
1112 1649 1232 1684 more,
1253 1638 1358 1676 nullo
1377 1646 1506 1678 tamen

113 1704 228 1742 allato
257 1703 448 1753 exemplo.
507 1703 639 1740 Habet
668 1703 824 1752 quidem
858 1702 1056 1740 Lucretius
1086 1704 1201 1741 modis
1229 1705 1338 1741 miris
1366 1705 1388 1742 i.
1419 1719 1505 1752 124,

113 1771 325 1819 miserisque
361 1769 477 1806 modis
512 1768 561 1805 iii.
598 1777 686 1817 507,
721 1769 916 1817 morigeris
946 1769 1060 1805 modis
1093 1768 1141 1807 iv.
1180 1778 1293 1817 1277,
1329 1777 1365 1808 et
1399 1772 1506 1821 quod

112 1835 264 1885 saepius
302 1835 477 1872 iteratum
513 1841 571 1871 est
610 1834 726 1870 mulla
765 1834 881 1870 modis
919 1835 1054 1870 mullis.
1126 1833 1204 1871 Sed
1242 1847 1377 1883 parum
1416 1836 1505 1874 hine

110 1900 291 1951 praesidii
320 1900 436 1937 habet
464 1911 598 1937 uersus
628 1899 788 1936 Manilii.
846 1898 949 1936 Nam
979 1899 1086 1949 quod
1115 1898 1227 1937 Lucr.
1248 1901 1294 1938 vi.
1317 1912 1393 1950 453
1423 1901 1506 1939 AB

110 1972 305 2016 praestant
333 1966 447 2003 modis
474 1978 565 2014 quae
584 1966 731 2014 possint
755 1965 964 2013 indupedita
992 1964 1167 2014 Exiguis
1195 1970 1312 2002 tamen
1341 1968 1438 2003 inler
1469 1981 1506 2006 se

110 2038 314 2080 compressa
347 2031 468 2077 teneri,
506 2030 749 2068 Lachmanni
786 2030 1007 2067 coniectura
1044 2032 1159 2067 moris
1195 2038 1296 2068 certa
1332 2032 1414 2069 uisa
1447 2039 1503 2070 est

111 2095 310 2135 Munroni.
348 2096 458 2134 Idem
477 2095 711 2134 uocabulum
730 2095 811 2144 ipse
833 2094 994 2133 Manilio
1013 2096 1250 2134 restitueram
1266 2110 1274 2134 :
1305 2109 1377 2134 nec
1396 2098 1501 2148 quic-

109 2174 228 2213 quam
246 2169 365 2200 muto.

164 2227 398 2276 I.633-641

271 2293 360 2330 Hos
388 2292 564 2330 uolucres
593 2291 716 2329 fecere
746 2291 842 2329 duos
871 2303 1040 2341 namque
1069 2291 1163 2329 alter
1191 2292 1240 2330 ab
1269 2292 1352 2341 ipsa

271 2357 521 2406 Consurgens
549 2357 687 2394 Helice
716 2356 887 2394 medium
916 2357 1099 2406 praecidit
1127 2357 1311 2406 olimpum

164 2424 241 2471 635
271 2422 540 2472 Discernitque
569 2422 671 2459 diem
700 2428 926 2471 sextamque
957 2422 1153 2460 examinat
1181 2422 1316 2459 horam

269 2488 320 2525 Et
347 2488 502 2537 paribus
531 2488 662 2537 spatiis
691 2499 852 2525 occasus
881 2488 1002 2525 cernit
1031 2494 1068 2525 et
1098 2494 1203 2525 ortus

271 2553 348 2592 Hic
378 2560 497 2591 mutat
525 2566 594 2603 per
624 2553 732 2602 signa
760 2553 864 2590 uices
894 2565 960 2591 seu
990 2554 1021 2591 si
1051 2553 1134 2603 quis
1163 2564 1256 2590 eoos
