1786 2878
759 163 807 194 II
1424 165 1477 209 33

138 280 275 320 Restat
294 281 557 319 difficillimum
575 279 634 318 Et
647 281 792 318 blandis
816 279 1003 318 aduersa*
1025 281 1134 318 sonis.
1193 279 1312 326 Quod
1332 280 1363 318 si
1381 287 1421 318 ut
1441 281 1478 317 in

83 347 263 385 omnibus
291 346 403 385 codd.
436 346 607 391 traditur,
641 346 695 384 sic
723 346 998 396 explicandum
1032 354 1101 392 est,
1133 345 1266 382 malim
1298 345 1479 395 equidem

80 413 242 450 aduersa
261 412 542 450 nominatiuum
561 411 703 448 habere
724 410 794 460 (sc.
806 409 945 460 turba),
962 418 1190 448 structuram
1210 418 1340 448 autem
1360 423 1475 449 accu-

83 478 294 515 satiuorum
313 477 439 514 uerbis
457 476 516 514 Et
533 476 678 514 blandis
698 478 858 513 aduersa
878 478 976 514 sonis
995 476 1259 525 interruptam,
1280 488 1411 512 rursus
1439 476 1480 512 in

81 541 140 580 his
160 543 364 592 dulcemque
373 549 447 591 per
464 555 575 579 aures
588 542 771 592 Afficlum
791 548 1027 591 resumptam
1047 541 1229 578 arbitrari.
1285 541 1355 578 Illa
1370 542 1481 578 turba

82 608 166 645 fluit
185 620 283 657 quae
304 608 452 645 divitias
472 620 608 645 aurum
638 607 798 656 imperia
818 607 942 644 fasces
962 607 1096 643 luxum
1117 607 1248 655 diligit,
1271 613 1307 644 et
1327 607 1479 644 blandis

83 686 123 711 se
148 674 353 711 aduertens
380 673 495 720 sonis,
516 684 694 723 quaeque
724 672 845 721 diligit
865 672 1020 709 dulcem
1050 685 1120 721 per
1146 685 1258 709 aures
1283 672 1477 709 affectum.

82 738 180 776 Tac.
200 739 303 776 Ann.
324 739 400 775 xiii.
423 749 472 786 45
493 739 660 775 animum
689 739 796 774 eliam
818 738 1016 774 lem'ssz'mz's
1035 738 1274 774 aduerterent.

135 804 211 847 An,
231 811 273 841 ut
293 804 460 853 Scaliger
480 803 692 847 contendit,
712 804 872 840 aduersa
901 815 1010 840 mero
1035 815 1164 840 errore
1194 803 1405 840 scribarum
1427 815 1478 840 ex

81 870 231 907 diuersa
252 868 370 920 (neut.
391 867 505 919 plur.)
525 869 731 917 prouenit?
761 868 978 905 cuiusmodi
999 868 1137 905 uitium
1157 868 1412 905 animaduerti
1441 868 1480 904 in

81 935 216 973 codice
245 935 341 973 Coll.
366 934 551 983 Corporis
582 933 723 972 Christi
752 934 788 971 ii.
819 936 894 982 287
915 934 979 970 ubi
1011 933 1128 970 ceteri
1157 933 1268 970 codd.
1298 934 1431 978 dz'uzlra,
1462 946 1481 970 ο

80 1008 211 1038 autem
241 1002 400 1038 aduersa
430 1000 556 1037 habet.
613 999 677 1036 An
698 999 966 1048 reponendum
993 1006 1050 1036 est
1070 998 1144 1036 hoc
1165 999 1305 1047 ipsum,
1328 999 1478 1035 sisaim?

81 1066 411 1116 quemadmodum
432 1065 618 1103 Horatius
648 1064 741 1101 dixit
763 1064 805 1102 C.
832 1065 854 1101 i.
881 1075 941 1112 15.
969 1074 1015 1111 15
1045 1063 1194 1101 Imbellz'
1218 1065 1365 1100 cithara
1395 1077 1480 1100 car-

81 1133 184 1169 mina
210 1133 360 1169 diuz'des.
419 1131 481 1169 Sic
505 1130 749 1168 accusatiuus
770 1137 870 1168 esset
890 1131 1026 1175 dz'uzlva,
1048 1129 1325 1178 significaretur
1349 1135 1478 1167 autem

81 1197 284 1235 alternatio
318 1209 476 1243 uocum,
507 1196 587 1234 siue
621 1203 756 1233 cantus
789 1208 878 1233 cum
911 1195 1063 1240 cithara,
1101 1196 1181 1232 siue
1214 1196 1403 1242 ἀντίφωνος
1438 1207 1479 1232 se

80 1262 249 1301 inuicem
270 1263 556 1312 excipientium.

135 1329 187 1366 ΙΙ.
212 1331 285 1377 167
309 1341 392 1379 sqq.
423 1329 476 1366 sic
497 1334 630 1365 extant
650 1327 689 1364 in
709 1326 863 1364 Gembl.

244 1396 371 1445 Atque
402 1394 496 1431 haec
527 1406 573 1430 ex
604 1393 760 1442 paribus
791 1399 873 1430 toto
902 1392 1111 1441 gaudentia
1140 1404 1261 1429 censu

245 1459 364 1509 Signa
392 1466 522 1496 meant
550 1457 642 1495 nihil
672 1458 837 1495 exterius
867 1458 1053 1494 mirantur
1081 1457 1120 1493 in
1149 1458 1240 1506 ipsis

245 1525 519 1562 Admissumue
548 1523 680 1561 dolent
709 1523 900 1573 quaedam
930 1522 1035 1572 quod
1063 1530 1170 1572 parte
1201 1523 1322 1560 recisa

141 1601 217 1639 170
245 1592 373 1640 Atque
402 1603 450 1627 ex
480 1589 634 1626 diuerso
664 1589 884 1626 commissis
913 1599 1073 1637 corpore
1104 1588 1297 1625 membris.

140 1659 213 1705 167
245 1656 327 1694 celo
349 1656 530 1699 Vossz'am‘,
547 1655 567 1691 b
583 1668 613 1691 ο.
677 1655 750 1690 168
782 1654 904 1690 nitant
928 1653 1051 1698 V055.2,
1069 1661 1227 1690 manent
1243 1654 1263 1690 b
1279 1667 1297 1690 0
1314 1653 1479 1691 deterius

91 1722 271 1760 Vossz'anz'.
334 1723 406 1770 169
437 1721 688 1758 Amissumue
709 1718 907 1765 Allolsnz'us,
931 1718 1116 1768 Scalzger,
1137 1719 1260 1756 Benll.

136 1787 238 1826 Mire
271 1788 410 1825 errauit
440 1786 610 1824 Iacobus
642 1792 871 1823 structuram
906 1798 941 1822 u.
975 1786 1048 1832 169
1077 1785 1131 1822 sic
1163 1784 1406 1833 expediendo
1439 1792 1479 1822 ut

79 1855 269 1904 quaedam,
291 1854 391 1902 quod
405 1856 516 1902 parte
543 1853 662 1888 recisa
692 1851 879 1895 scriberet,
902 1850 937 1886 h.
954 1863 986 1888 e.
1009 1854 1017 1869 ‘
1031 1851 1208 1899 quaedam
1230 1850 1361 1887 dolent
1384 1852 1484 1899 quod

72 1924 184 1970 parte
203 1920 321 1956 recisa
342 1925 430 1956 sunt
450 1925 564 1967 atque
585 1917 767 1954 membris
794 1916 899 1953 uarie
921 1914 1163 1954 commissis.'
1221 1916 1366 1965 Aperte
1386 1917 1485 1964 quod

80 1984 282 2022 relatiuum
301 1991 358 2022 est
378 1991 415 2021 et
436 1983 594 2020 refertur
615 1982 663 2019 ad
683 1983 849 2019 exterius
870 1983 1069 2026 mirantur,
1093 1982 1334 2018 Amz'ssumue
1352 1982 1478 2025 dolent,

81 2050 154 2089 hac
194 2049 392 2095 sententia,
432 2049 531 2098 quod
565 2061 616 2085 sc.
656 2055 697 2084 ut
740 2048 905 2084 exterius
945 2047 1039 2096 quid
1078 2046 1253 2084 additum
1291 2047 1479 2084 mirentur

81 2116 315 2155 amissumue
344 2115 437 2165 quid
465 2113 630 2158 doleant,
651 2113 827 2162 quaedam
857 2125 904 2149 ex
935 2113 1055 2162 signis
1082 2112 1240 2149 Zodiaci
1270 2113 1478 2162 patiuntur,

81 2195 174 2220 cum
201 2181 262 2219 uel
291 2189 437 2231 partem
467 2179 526 2216 sui
552 2179 726 2224 recisam,
747 2178 811 2215 uel
840 2179 1016 2215 membra
1046 2178 1221 2215 diuersae
1250 2183 1408 2215 naturae
1440 2178 1479 2213 in

80 2259 203 2285 unum
232 2258 372 2296 corpus
401 2244 818 2283 coniuncta-habeant.
877 2243 1067 2293 Loquitur
1093 2243 1277 2280 Manilius
1301 2243 1348 2280 de
1376 2242 1478 2291 Cap-

80 2313 235 2351 ricorno
263 2319 300 2350 et
334 2311 548 2360 Sagittario,
585 2310 651 2359 qui
687 2310 802 2346 ambo
837 2315 926 2346 sunt
959 2316 1068 2358 parte
1104 2309 1162 2345 sui
1196 2309 1328 2353 recisa,
1363 2309 1480 2345 ambo

80 2378 266 2416 membris
295 2390 342 2415 ex
372 2377 498 2414 aliena
523 2382 659 2413 natura
689 2376 902 2424 conpactis‚
932 2374 1197 2423 Capricornus
1227 2387 1272 2411 ex
1303 2386 1417 2422 capro
1444 2380 1480 2409 et

81 2444 200 2494 pisce,
224 2443 450 2493 Sagittarius
470 2455 517 2479 ex
538 2441 694 2479 homine
716 2449 752 2477 et
773 2440 863 2478 fero.

515 2561 533 2581 *
557 2561 708 2603 adspersa
726 2561 951 2602 Rossbergius.

775 2630 799 2655 D
