1786 2878
840 126 872 158 V
1469 121 1548 175 163

155 235 277 269 uectus
313 243 400 280 equo
437 232 618 268 militares
658 235 880 269 armaturas
923 236 1099 270 exerceat.
1155 232 1241 270 Hoc
1279 238 1380 271 astro
1417 234 1550 271 oriente

155 295 372 334 Salmoneus
403 301 438 334 et
456 296 751 346 Bellerophontes
781 310 804 334 a
829 297 974 346 priscis
1003 298 1215 336 auctoribus
1244 300 1331 335 nati
1356 312 1428 336 esse
1456 312 1548 336 nar-

155 366 304 400 rantur.
361 362 540 412 (Bechert
559 375 596 412 p.
620 361 699 411 21.)

210 427 258 465 V.
281 430 329 476 89
351 440 435 478 sqq.
456 428 510 466 sic
531 434 662 466 extant
681 427 721 463 in
742 426 898 465 Gembl.

318 492 433 530 Nunc
463 493 580 533 †licet
609 493 648 530 in
676 492 794 541 longo
824 505 894 542 per
922 505 1055 531 cursus
1083 494 1254 543 praemia
1284 494 1386 532 circo

210 571 262 607 90
319 558 516 608 Quicquid
545 558 593 595 de
623 558 688 595 tali
717 557 845 595 studio
873 557 1056 596 formatur
1084 558 1240 596 habebit

318 613 423 661 Hinc
452 623 545 660 mihi
576 623 804 661 Salmoneus
833 623 900 672 qui
929 623 1079 661 caelum
1110 625 1278 662 imitatur
1308 624 1347 661 in
1376 626 1468 663 orbe

318 689 506 727 Pontibus
533 688 721 737 impositis
748 689 953 738 missisque
982 701 1051 738 per
1080 701 1170 727 aera
1199 690 1397 739 quadrigis

316 754 564 803 Expressisse
593 766 733 791 sonum
761 754 895 790 mundi
925 755 995 791 sibi
1025 755 1130 792 uisus
1159 762 1197 792 et
1226 755 1353 806 ipsum

316 819 546 857 Admouisse
576 819 712 856 Iouem
741 819 851 856 terris
881 819 965 859 †de
994 819 1153 857 fulmine
1182 820 1292 869 fingit

210 894 260 933 95
318 884 444 922 Sensit
472 892 510 922 et
539 884 752 922 immensos
782 884 892 933 ignes
922 896 1038 934 super
1066 885 1148 934 ipse
1179 892 1331 923 secutus

317 947 445 985 Morte
475 947 613 984 Iouem
642 947 784 993 didicit,
813 957 1017 996 generatus
1045 948 1166 997 possit
1196 948 1339 985 haberi.

209 1015 259 1061 89
280 1012 368 1050 licet
386 1013 486 1050 codd.
502 1012 603 1061 leget
622 1012 814 1049 Turnebus
835 1024 989 1050 cursum
1016 1013 1130 1051 Voss?
1150 1026 1353 1063 percussus
1373 1013 1461 1051 Cus.
1483 1027 1501 1050 0
1518 1014 1549 1051 b.

156 1091 201 1126 91
226 1078 394 1115 imitatur
424 1076 535 1115 Voss.¹
566 1077 655 1115 Cus.
686 1091 704 1115 0
724 1078 744 1114 b
773 1077 940 1114 imitatus
970 1078 1083 1115 Voss.²
1113 1079 1206 1116 orbe
1238 1077 1349 1117 Voss}
1377 1078 1467 1116 Cus.
1495 1079 1550 1116 ob

153 1143 249 1181 urbe
275 1142 386 1180 Voss.'²
406 1143 513 1180 Fort.
535 1143 574 1179 in
594 1144 741 1180 orbem.
793 1156 839 1191 92
866 1142 1067 1181 Montibus
1099 1142 1208 1180 Voss.¹
1230 1157 1249 1180 0
1264 1144 1295 1181 b.
1347 1157 1397 1192 94
1420 1146 1549 1194 Atque

153 1209 322 1246 mouisse
352 1207 465 1246 Voss-:2
484 1208 530 1246 de
551 1209 650 1245 codd.
680 1208 789 1245 Fort.
811 1221 919 1258 quae.
978 1219 1027 1257 95
1060 1209 1177 1247 Sinsit
1207 1210 1322 1247 Voss.2
1352 1210 1549 1248 immissos

159 1274 373 1313 Gronouius
397 1274 480 1312 Obs.
501 1275 551 1312 iii.
578 1285 636 1322 15.

207 1341 290 1377 licet
305 1340 345 1376 in
364 1341 452 1389 leget
473 1347 689 1377 correxerat
711 1339 942 1386 Turnebus;
974 1340 1012 1377 id
1038 1340 1259 1389 neglectum
1287 1353 1309 1378 a
1335 1340 1546 1390 Scaligero,

153 1405 304 1443 reduxit
324 1406 502 1451 Iacobus,
522 1406 626 1443 nulla
641 1405 813 1443 Turnebi
829 1405 957 1443 addita
980 1406 1187 1443 mentione.
1231 1418 1267 1443 u.
1288 1419 1338 1454 90
1344 1406 1550 1455 formatur

154 1478 212 1508 est
244 1471 408 1508 formam
441 1471 577 1520 accipit
611 1478 648 1508 et
679 1478 782 1508 certa
812 1471 958 1509 ratione
992 1472 1031 1508 in
1065 1480 1186 1509 artem
1219 1471 1385 1520 fingitur,
1418 1472 1549 1510 ‘takes

155 1535 296 1586 shape.'
339 1537 386 1573 In
407 1537 654 1586 sequentibus
674 1536 804 1574 haeret
825 1544 1021 1574 structura.
1062 1537 1229 1575 Codices
1249 1546 1397 1586 praeter
1417 1537 1551 1576 Voss.2

154 1602 296 1639 habent
313 1603 494 1648 z'mz'latur,
516 1602 578 1640 hic
598 1603 776 1648 imdatus,
795 1602 902 1652 quod
922 1603 1065 1652 recepit
1081 1602 1276 1640 Bentleius
1297 1610 1333 1640 et
1352 1612 1439 1653 post
1459 1616 1548 1641 eum

153 1667 333 1706 Iacobus.
391 1667 489 1705 Mox
522 1681 571 1716 94
605 1668 762 1705 Isaacus
795 1668 959 1706 Vossius
993 1669 1047 1706 sic
1078 1669 1229 1706 refinxit
1259 1670 1345 1706 dum
1369 1669 1548 1719 fulmina

142 1734 267 1784 fingit
293 1732 426 1779 Sensit,
455 1733 569 1783 idque
599 1734 765 1771 Iacobus
799 1734 939 1772 edidit:
980 1735 1018 1771 in
1054 1746 1103 1783 95
1137 1736 1320 1772 immissos
1353 1735 1548 1784 praeclare

153 1798 350 1837 reuocauit
371 1798 592 1837 Gronouius
614 1799 708 1837 Obs.
728 1799 775 1836 iii.
801 1808 861 1847 15.

208 1863 307 1901 Mihi
348 1865 519 1902 imitatur
568 1865 696 1914 potius
743 1877 861 1914 quam
908 1865 1077 1902 imitatus
1124 1865 1319 1915 scripsisse
1363 1865 1548 1904 Manilius

153 1929 312 1967 uidetur.
369 1929 473 1968 Nam
500 1930 530 1968 si
557 1931 724 1968 imitatus
748 1930 864 1980 legas,
885 1931 1047 1967 nimium
1071 1931 1240 1968 tardatur
1264 1932 1398 1978 oratio,
1421 1932 1548 1969 inlatis

153 2007 223 2045 per
251 1995 451 2044 participia
478 2001 534 2033 tot
563 1995 741 2033 clausulis
770 2003 978 2045 antequam
1007 1996 1057 2033 ad
1091 1997 1203 2034 finale
1234 1997 1395 2034 uerbum
1424 1996 1550 2035 Sensit

153 2060 407 2109 perueniatur‚
421 2062 489 2110 qui
503 2061 639 2097 caelum
657 2062 834 2107 nudatus,
853 2062 1025 2110 nisusque
1038 2064 1261 2110 expressisse
1275 2075 1401 2099 sonum
1419 2063 1551 2099 mundi

153 2129 187 2162 et
203 2126 406 2162 admouisse
425 2125 548 2163 Iouem
568 2127 691 2173 terris,
713 2128 826 2163 sensit
827 2127 1005 2176 fulmina
1026 2128 1110 2164 dum
1121 2128 1254 2178 fingit.
1295 2127 1386 2165 Hoc
1408 2128 1438 2164 si
1459 2127 1547 2165 fecit

154 2189 347 2237 Manilius,
370 2197 519 2240 praeter
540 2191 692 2229 solitum
717 2203 866 2228 morem
890 2191 988 2229 fecit.
1045 2192 1097 2230 At
1126 2194 1157 2230 si
1186 2194 1356 2231 imitatur
1385 2192 1545 2241 scripsit,

153 2256 293 2293 eodem
313 2268 453 2306 genere
479 2268 571 2294 usus
596 2264 653 2293 est
677 2257 887 2305 praesentis
912 2257 1017 2306 quod
1037 2258 1255 2307 Propertius
1276 2258 1544 2307 frequentauit,

153 2334 187 2359 e.
203 2334 240 2371 g.
260 2321 296 2359 ii.
318 2334 354 2370 9.
383 2335 429 2359 10
453 2322 627 2360 Candida
648 2335 784 2359 uesana
804 2320 984 2373 (Briseis)
1005 2324 1176 2361 uerberat
1193 2337 1259 2360 ora
1280 2337 1404 2360 manu.

210 2387 407 2425 Structura
439 2388 548 2425 facile
583 2400 623 2425 se
661 2387 824 2437 explicat
861 2400 930 2437 per
968 2389 1062 2426 duas
1101 2396 1239 2438 partes,
1275 2389 1432 2426 alteram
1471 2387 1550 2434 Qui

153 2453 290 2489 caelum
327 2453 507 2501 imitatur,
541 2454 698 2491 alteram
729 2454 900 2502 nisusque
932 2457 1154 2503 expressisse
1191 2468 1219 2492 s.
1251 2455 1385 2492 mundi
1413 2459 1446 2492 el
1477 2455 1543 2490 ad-

157 2519 309 2556 mouisse
327 2517 382 2555 Io.
402 2523 426 2558 l.
447 2521 558 2557 sensit
569 2519 747 2570 fulmina
766 2519 852 2555 dum
870 2519 1000 2568 fingit.

812 2596 840 2621 M
865 2596 883 2620 2
