1786 2878
211 137 291 182 150
624 137 821 169 NOCTES
849 137 1177 170 MANJLJ.›1NAE

263 242 332 281 IV.
356 244 446 290 787,
471 243 545 290 788
568 242 621 280 sic
640 243 762 281 traditi
783 250 869 281 sunt
890 244 929 281 in
949 244 1104 281 Gembl.

369 320 498 357 Insula
527 319 752 357 Trinacriae
781 320 992 358 fluitantem
1021 321 1070 358 ad
1100 321 1178 358 iura
1208 332 1377 359 sororem

370 385 620 434 Subsequitur
649 398 801 423 cremen
831 387 901 423 sub
930 386 1068 424 eodem
1098 387 1253 424 condita
1282 387 1402 436 signo.

262 464 336 512 787
369 462 496 499 adiuta
516 474 534 498 0
555 461 585 498 b.
628 463 703 509 788
726 469 855 500 creten
875 475 894 500 ο
913 464 933 501 b
971 471 1148 501 crentens
1177 462 1290 500 Voss.²
1309 470 1456 501 cretens
1483 461 1591 501 Voss.¹

211 527 300 565 Cus.
356 528 417 564 Ex
451 528 505 564 ad
538 528 627 564 iura
660 529 788 564 adiuta
827 541 974 577 repono
1012 530 1175 566 aditura.
1235 528 1362 566 Sicilia
1398 529 1448 565 ab
1486 528 1595 566 Italia

207 593 357 630 diuolsa
386 599 422 630 et
451 593 505 630 sic
539 592 639 630 facta
667 593 789 631 insula
824 595 980 643 propius
1015 595 1195 632 accedere
1228 594 1381 642 fingitur
1413 593 1511 632 uelle
1545 594 1594 631 ad

206 670 381 696 sororem
410 658 543 707 suique
568 658 728 695 similem
758 658 922 696 insulam
944 659 1108 697 Creten:
1142 660 1216 697 hoc
1246 661 1361 705 enim,
1392 671 1465 696 nec
1494 659 1596 696 aliud

207 724 413 773 quicquam
439 724 651 773 fluitantem
686 723 900 773 significare
938 725 1110 763 arbitror.
1169 725 1354 774 Respexit
1388 724 1538 762 Lucret.
1572 725 1596 762 i.

210 798 229 837 7
241 798 284 836 17
307 788 442 825 Insula
463 801 572 837 quam
592 790 781 837 triquetris
800 793 986 827 terrarum
1003 793 1121 839 gessit
1135 792 1176 827 in
1196 792 1271 827 orz's
1305 790 1423 836 Quam
1432 791 1597 840 fluitans

206 855 345 890 circum
373 855 522 902 magnis
548 853 783 904 anfractibus
805 868 939 904 aequor
958 855 1105 892 Ionium
1123 857 1272 905 glaucis
1298 857 1470 904 aspargit
1490 857 1597 893 uirus

207 920 253 956 ab
286 920 397 956 undis
425 919 666 968 Angustoque
679 920 793 970 fretu
822 921 995 969 rapidum
1026 934 1128 958 mare
1157 922 1292 958 diuidit
1323 922 1434 958 undis
1464 920 1598 958 Italiae

206 990 397 1022 terrarum
422 997 509 1021 oras
529 997 552 1020 a
562 985 708 1033 finibus
726 987 812 1022 eius.
875 985 1003 1024 Creten
1023 986 1062 1023 in
1086 985 1264 1032 Crentem,
1286 986 1360 1024 hoc
1381 987 1419 1023 in
1443 986 1477 1024 C
1478 1000 1596 1024 remen

210 1049 462 1099 deprauatum
482 1049 640 1087 fortasse
661 1057 729 1088 est.

263 1115 331 1152 IV.
355 1117 539 1164 794—796
567 1115 621 1152 sic
641 1122 771 1152 extant
792 1117 830 1153 in
851 1115 1002 1155 Gembl.

370 1191 508 1242 Teque
538 1191 626 1229 feris
656 1193 812 1241 dignam
842 1199 991 1230 tantum
1019 1194 1216 1243 germania
1244 1201 1405 1231 matrem

370 1257 517 1295 Asserit
546 1257 770 1307 ambiguum
801 1258 904 1296 sidus
932 1265 1130 1308 terraeque
1160 1259 1352 1309 marisque

371 1323 529 1360 Letibus
558 1322 717 1360 assiduis
746 1329 908 1372 pontum
938 1331 1132 1373 terrasque
1161 1331 1366 1363 tenentem.

266 1402 340 1448 796
371 1398 526 1436 Estibus
556 1397 688 1437 Voss.²
717 1399 736 1436 b
757 1413 775 1436 0
803 1399 943 1437 astibus
972 1399 1077 1450 Lips.
1106 1407 1201 1439 teste
1231 1401 1387 1438 Iacobo.
1447 1401 1597 1438 Letz'bus

208 1466 324 1503 etiam
347 1464 437 1502 Cus.
482 1464 629 1502 Cetz'bus
649 1463 779 1502 Voss¹

264 1530 410 1568 Verum
437 1529 631 1567 nonnullis
657 1537 784 1579 potest
810 1530 931 1567 uideri
955 1530 994 1568 id
1017 1531 1121 1581 quod
1148 1538 1204 1569 est
1228 1531 1266 1568 in
1287 1528 1416 1569 Voss.¹
1442 1530 1598 1569 Cetz'bus.

210 1596 413 1635 Oceanum
446 1596 781 1645 septentrionalem
816 1596 1010 1634 abundare
1044 1597 1225 1635 monstris
1258 1597 1365 1634 multi
1404 1604 1598 1634 testantur.

210 1661 316 1698 Pedo
345 1660 612 1698 Albinouanus
641 1673 701 1710 ap.
733 1661 867 1699 Senec.
899 1661 1007 1699 Suas.
1027 1663 1049 1699 i.
1071 1675 1108 1711 p.
1131 1665 1152 1700 8
1174 1662 1339 1700 Bursian
1359 1663 1474 1700 Hunc
1493 1663 1597 1699 illum

200 1727 333 1775 ngrz's
359 1727 538 1762 immania
558 1732 720 1763 monstra
740 1726 806 1764 sub
826 1728 935 1764 undis
958 1727 1154 1778 Quiserat
1174 1727 1366 1773 Oceanum,
1387 1729 1455 1776 qui
1469 1741 1598 1764 saeuas

208 1790 366 1838 undique
370 1790 518 1838 pristis,
531 1789 802 1839 Aequoreosque
814 1803 919 1827 canes
933 1791 1076 1827 ratibus
1088 1804 1306 1839 consurgere
1314 1792 1473 1839 prensis.
1510 1789 1598 1827 Scio

209 1855 343 1891 cetibus
363 1866 441 1892 non
462 1854 663 1903 prouenire
684 1854 853 1892 datiuum
866 1855 926 1892 uel
942 1855 1149 1892 ablatiuum
1164 1868 1234 1905 pro
1246 1858 1354 1892 cetis:
1382 1855 1448 1893 sed
1468 1855 1523 1893 sic
1543 1856 1597 1892 in-

211 1919 312 1957 flecti
333 1919 505 1969 potuisse
524 1932 547 1956 a
567 1918 728 1957 Manilio
752 1932 829 1958 non
854 1920 1081 1967 infitiabitur‚
1103 1921 1167 1970 qui
1186 1934 1294 1957 sucus
1314 1921 1385 1957 III.
1412 1933 1497 1967 144,
1519 1933 1598 1958 non

208 1998 321 2030 sucos,
332 1985 506 2034 gzgantes
519 1997 597 2022 non
607 1986 788 2034 gzgantas
801 1985 830 2022 Ι.
847 1998 892 2032 42
904 1999 935 2031 1,
950 1985 1094 2023 Arabes
1108 1986 1176 2023 IV.
1193 1995 1212 2034 7
1220 1996 1281 2034 54,
1297 1999 1375 2024 non
1392 1987 1556 2032 Arabas,
1575 1999 1597 2023 a

211 2050 373 2087 Manilio
394 2056 585 2099 usurpata,
602 2051 632 2087 si
653 2051 772 2089 modo
787 2051 982 2088 codicibus
996 2051 1090 2089 fides
1106 2058 1172 2096 est,
1186 2052 1399 2089 meminerit
1416 2051 1598 2101 (Kramer

210 2115 258 2152 de
289 2114 435 2151 Manilii
462 2115 677 2153 elocutione
707 2128 743 2165 p.
767 2113 844 2167 28).
902 2115 1007 2162 Quid
1027 2117 1131 2166 quod
1157 2117 1208 2155 sic
1229 2117 1394 2167 denique
1425 2117 1598 2154 sublucet

211 2192 328 2217 causa
347 2192 413 2216 cur
436 2179 645 2217 Germania
649 2182 757 2231 seris
777 2188 925 2219 tantum
955 2182 1073 2230 digna
1102 2189 1222 2219 mater
1242 2190 1410 2219 uocetur.
1467 2182 1596 2229 Quam

210 2246 315 2282 enim
354 2245 554 2294 regionem
593 2252 674 2284 cete
709 2247 966 2296 balaenaeque
1005 2247 1176 2297 aliaeque
1214 2260 1281 2297 per
1319 2248 1432 2285 maris
1471 2255 1598 2286 aestus

213 2311 389 2348 inuectae
411 2310 544 2348 beluae
565 2312 714 2350 assidue
735 2312 924 2358 infestant,
939 2325 984 2350 ea
1004 2312 1158 2351 demum
1179 2313 1283 2362 regio
1303 2313 1356 2351 sic
1372 2313 1598 2363 appellanda

211 2382 302 2413 erat.

267 2440 336 2479 IV·
362 2449 544 2490 797-799

377 2518 450 2555 Sed
481 2519 625 2557 iuuenis
656 2518 758 2557 nudo
788 2519 971 2558 formatus
1002 2520 1151 2559 mollior
1182 2527 1268 2558 actu
