1786 2878
844 109 875 140 V
1475 105 1553 156 167

163 225 263 264 quae
279 214 332 253 sic
347 213 487 252 inesset
501 212 627 252 uerbis
643 213 740 250 dedit
756 217 789 251 et
805 214 942 263 degrmzs
961 214 1016 251 ad
1015 213 1193 264 fulmina
1209 216 1318 262 uires,
1332 228 1454 266 paene
1468 217 1556 254 ridi-

164 280 250 317 cule
269 280 476 329 fingeretur
496 291 612 329 capra
628 291 726 329 quae
747 279 806 317 lac
828 291 940 316 suum
960 279 1096 317 infanti
1116 281 1291 329 praebuit
1299 283 1557 331 fimdamenta

164 345 218 383 sic
235 345 408 394 posuisse
423 345 603 390 tonandi‚·
629 345 736 382 aliter
751 357 796 382 ea
811 345 1026 382 rudimenta
1042 346 1211 383 dicturus
1226 353 1316 383 erat.
1364 347 1558 396 Equidem

164 411 339 460 suspicor
350 417 503 460 poetam
519 410 714 459 scripsisse
728 411 977 459 Pulpczmema
994 412 1117 448 ‘meat
1129 410 1137 423 ⁷
1155 411 1235 449 siue
1263 416 1271 431 ⁶
1286 412 1417 461 dainty
1430 410 1556 458 meat,'

164 476 234 513 etsi
249 475 323 513 hoc
339 476 501 513 uerbum
523 476 569 513 de
591 476 686 513 lacte
706 476 759 513 sic
779 482 1006 525 usurpatum
1026 488 1106 513 non
1128 476 1252 514 habeo
1272 477 1375 515 unde
1392 478 1556 515 fulciam.

164 540 271 578 Dixit
292 540 447 591 quidem
472 541 608 579 Cicero
630 541 746 578 Tuse.
774 541 881 590 Disp.
906 554 939 579 v.
968 554 1029 589 32.
1058 554 1108 590 90
1137 543 1252 579 cubile
1280 548 1395 589 terra,
1418 546 1558 593 pulpa—

165 611 321 644 mentum
335 607 476 657 fames,
514 608 604 643 lacte
627 619 727 643 caseo
757 619 868 643 carne
894 619 1040 644 nascor:
1078 608 1144 645 sed
1171 620 1249 645 non
1274 609 1437 646 multum
1468 609 1559 647 hinc

163 673 354 722 praesidii.
426 672 502 709 Sed
535 679 664 709 tamen
697 673 787 709 satis
816 672 907 721 quid
939 672 1108 719 uoluerit,
1140 673 1364 722 explicauit3
1405 687 1496 712 nam
1527 675 1559 711 si

165 750 325 788 quaeras
354 738 455 775 unde
489 738 782 787 pulpamentum
816 750 931 787 capra
962 738 1058 783 Ioui,
1083 745 1119 775 et
1148 739 1390 778 cuiusmodi?
1430 741 1559 778 statim

163 803 370 853 respondet
398 803 578 840 addendo
599 808 788 852 pectusque
814 804 979 852 zthleuz'l
1001 805 1142 841 hz‘ansz's
1165 805 1279 842 Laese
1307 818 1383 842 suo.
1442 805 1558 843 Firm.

163 869 235 907 viii.
259 871 280 906 6
305 868 502 907 Exoritur
519 875 635 918 capra
654 882 764 918 quam
776 869 960 919 fabulosi
973 875 1098 919 poetae
1123 872 1296 907 alimenta
1322 872 1450 908 uolunt
1472 870 1565 908 Ious·

162 935 347 985 irgfantulo
360 934 586 984 praebuisse.

219 999 267 1038 V.
293 1009 366 1048 135
389 1012 472 1050 sqq.
494 999 547 1037 sic
562 1005 695 1037 extant
715 999 754 1036 in
775 999 930 1038 Gembl.

326 1065 432 1103 Hinc
461 1064 559 1102 fidae
588 1072 735 1103 mentes
764 1066 1093 1116 tremebundaque
1123 1065 1240 1104 corda
1268 1073 1446 1104 creantur

329 1130 547 1180 Suspensas
575 1131 745 1180 trepidus
775 1131 921 1170 leuibus
950 1132 1121 1169 obnoxia
1151 1132 1287 1170 uentis.

222 1205 295 1246 137
328 1196 402 1234 His
430 1196 546 1234 etiam
575 1196 773 1246 ingenium
801 1197 973 1234 uiscendi
1003 1197 1136 1246 ignota
1167 1197 1307 1247 cupido

327 1261 380 1299 Vt
409 1274 512 1299 noua
539 1274 609 1311 per
638 1263 839 1311 noctisque
868 1269 983 1299 ruunt
1012 1264 1165 1300 arbusta
1195 1263 1365 1312 capellae

328 1328 488 1377 Semper
517 1334 554 1365 et
582 1327 738 1365 ulterius
767 1334 971 1377 pascentes
1000 1328 1156 1366 tendere
1186 1329 1369 1377 gaudent.

222 1395 297 1442 136
328 1394 486 1442 trepitus
526 1391 640 1430 Voss?
669 1393 890 1442 lenibusque
919 1394 1053 1430 codices
1076 1395 1256 1442 plerique.
1291 1404 1362 1443 137
1389 1394 1561 1444 ingenies

165 1459 330 1497 tuisendi
360 1458 472 1497 Voss?
539 1460 614 1507 138
636 1471 704 1508 per
724 1461 848 1496 noctis
868 1459 950 1496 rufa
970 1460 1126 1497 arbusta
1157 1459 1271 1497 Voss.2

225 1527 298 1574 136
321 1524 502 1574 Corriges
532 1523 719 1573 suspensa
745 1529 786 1561 at
811 1526 984 1573 strepitus
1005 1524 1075 1576 (sic
1096 1524 1189 1562 Luc.
1213 1525 1374 1564 Mueller
1394 1526 1441 1563 de
1461 1539 1489 1563 r.
1510 1539 1560 1564 m.

163 1604 201 1641 p.
238 1587 344 1642 320),
383 1603 462 1628 non
502 1591 541 1627 z'n
578 1591 751 1638 strepitus
788 1590 894 1639 quod
931 1590 1064 1627 maluit
1103 1590 1312 1630 Bentleius.
1376 1591 1474 1629 Mox
1523 1593 1562 1629 in

170 1666 242 1705 137
272 1654 404 1694 Voss.2
433 1655 548 1693 habet
581 1657 741 1704 ingenz'es
773 1656 943 1701 lm'smdz',
975 1656 1076 1693 unde
1111 1656 1277 1694 Iacobus
1311 1658 1478 1706 ingenita
1512 1662 1566 1694 est

164 1721 302 1768 edidit;
345 1721 411 1758 sed
440 1728 481 1758 ut
509 1725 628 1758 tamen
657 1733 728 1770 pro
756 1722 863 1758 etiam
899 1733 946 1758 ex
976 1721 1129 1759 Veneto
1165 1722 1298 1759 codice
1333 1723 1562 1772 praetulerit.

164 1787 254 1837 Ego
283 1800 331 1825 ex
350 1785 558 1825 Vossiani2
588 1787 774 1837 scriptura
800 1788 983 1835 ingeniosi
1008 1788 1136 1837 potius
1166 1787 1275 1826 elicio
1291 1800 1301 1834 3
1337 1788 1418 1826 uult
1447 1796 1564 1838 poeta

164 1854 280 1891 etiam
312 1854 383 1891 sub
415 1865 533 1902 capra
562 1853 662 1890 natis
696 1864 807 1890 suam
838 1852 1009 1890 indolem
1039 1853 1318 1903 ingeniumque
1353 1866 1449 1900 esse,
1483 1867 1562 1904 quo

164 1919 267 1957 ducti
296 1919 427 1968 ignota
457 1919 582 1956 uisere
614 1918 797 1968 cupiant:
843 1919 994 1956 datiuus
1029 1926 1085 1956 est
1121 1921 1277 1969 ingenio,
1313 1919 1350 1957 h.
1371 1932 1403 1957 e.
1433 1919 1564 1958 locum

164 1985 282 2023 habet
307 1984 450 2033 ingenii
480 1984 560 2021 siue
587 1983 737 2021 indolis.
799 1985 872 2031 138
902 1989 1088 2032 quaerunt
1112 1992 1360 2022 correxerunt
1394 1985 1565 2035 Scaliger

167 2050 371 2088 Reinesius
388 2049 603 2095 Bentleius3
622 2056 694 2098 per
707 2053 840 2086 montes
856 2048 1062 2096 Bendeius,
1084 2050 1133 2088 ad
1154 2052 1383 2088 sententiam
1405 2052 1562 2100 quidem

166 2117 323 2166 optime,
339 2115 388 2152 ad
404 2114 744 2164 palaeographiam
760 2115 824 2151 uix
841 2115 930 2152 satis
950 2124 1071 2163 certe3
1104 2128 1175 2154 nec
1190 2116 1362 2154 Withofii
1378 2123 1414 2153 et
1431 2117 1563 2154 Iacobi

157 2183 326 2232 pernices
348 2181 441 2218 mihi
461 2181 620 2231 quidem
640 2180 730 2217 satis
750 2179 848 2217 facit.
899 2179 1002 2217 Nam
1022 2187 1147 2230 potest
1168 2182 1219 2218 ita
1238 2194 1372 2219 uerum
1398 2194 1482 2219 esse
1493 2189 1565 2230 per

167 2251 283 2284 noctes
303 2247 334 2284 si
354 2246 520 2296 capellas
540 2246 607 2283 tibi
628 2245 781 2282 finxeris
801 2252 915 2283 nocte
936 2247 1124 2293 sublustri,
1148 2247 1278 2296 quales
1298 2247 1439 2284 multae
1460 2247 1564 2285 Italis

169 2319 267 2358 sunt,
288 2325 334 2350 ex
354 2324 494 2349 somno
513 2311 698 2348 excitatas
718 2311 849 2359 pabuli
871 2311 996 2349 studio
1017 2312 1056 2349 in
1078 2313 1230 2350 diuersa
1250 2312 1348 2350 ferri.
1407 2312 1565 2350 Vllerz'us

159 2382 348 2426 pascentes
384 2378 525 2414 tendere
564 2377 735 2425 gaudent
775 2383 864 2425 apte
910 2377 1069 2415 illustrat
1107 2377 1365 2427 Aeschyleum
1412 2381 1565 2425 πρόνομα

168 2445 256 2486 βοτὰ
286 2443 404 2493 Supp.
433 2445 523 2491 670,
547 2442 613 2479 ubi
634 2440 837 2479 Tuckerus
866 2442 905 2478 in
933 2443 1020 2480 edit.
1047 2445 1148 2491 1889
1181 2444 1233 2480 sic
1264 2443 1411 2480 disserit
1443 2443 1564 2482 ‘This

170 2508 513 2558 forward-grazing
542 2520 619 2546 was
653 2520 697 2545 so
731 2506 844 2545 much
876 2508 991 2546 noted
1026 2509 1076 2558 by
1105 2508 1166 2546 the
1197 2507 1346 2546 Greeks
1376 2520 1417 2546 as
1447 2515 1486 2546 to
1517 2508 1564 2545 be
