1786 2878
213 134 292 184 146
626 141 819 173 Nocrzrs
847 140 920 171 MA
927 140 1063 171 ΝΙΜΑ
1070 140 1175 171 iit-15

208 247 388 287 Ostendit
417 246 571 296 quidem
606 245 764 295 Saycius
791 247 943 283 barrum
974 258 996 282 a
1025 245 1263 294 Babylonico
1292 244 1480 282 uocabulo
1509 244 1596 281 beru

208 314 288 352 siue
307 312 508 362 elephante
530 312 685 350 ductum
704 323 812 357 esse;
855 311 891 348 id
911 312 1064 361 nigrum
1085 310 1271 360 significet
1291 322 1424 355 necne,
1445 310 1596 347 nescio:

210 378 278 416 sed
312 384 348 416 et
383 377 568 415 Horatius
602 378 727 425 nigris
764 377 892 414 barris
929 377 1049 426 potuit
1087 376 1139 413 sic
1177 375 1421 424 coniungere,
1456 383 1496 412 ut
1531 386 1598 423 per

209 443 406 493 epitheton
432 443 510 479 uim
538 442 744 480 declararet
764 442 941 487 nominis,
963 441 1290 491 quemadmodum
1311 440 1482 478 Catullus
1502 441 1599 476 allas

210 509 334 557 Alpes,
371 508 494 556 regali
516 520 629 556 gaza,
661 506 874 544 Columella
906 507 1127 543 immortales
1160 507 1355 542 amaranti
1378 518 1413 542 x.
1448 515 1532 552 175,
1561 511 1599 541 et

210 574 365 611 mirifice
398 573 473 610 huc
511 573 702 621 quadrant
739 573 855 610 uerba
892 571 1068 617 Acronis‚
1102 572 1227 619 nigris
1260 575 1350 607 certe
1382 569 1490 607 Indis
1523 571 1600 606 siue

211 639 371 676 M'auris
403 639 472 687 qui
496 639 606 687 nigri
628 642 716 675 sunl
742 643 775 675 el
791 639 921 687 penili.
991 637 1081 674 Hoc
1112 637 1142 673 si
1172 643 1272 673 recte
1305 636 1482 681 diuinaui,
1519 635 1599 672 uult

210 712 326 754 poeta
347 707 355 723 ‘
369 703 523 753 elephas
543 715 685 741 nomen
706 715 728 740 a
748 703 875 741 colore
897 702 1023 740 Mauri
1043 701 1169 739 uultus
1189 701 1313 748 habet,
1334 709 1370 739 et
1390 701 1601 750 appellatur

210 771 342 807 barrus
363 769 467 818 quod
487 777 528 806 ut
548 768 675 806 Mauri
697 768 802 817 niger
821 768 901 806 est.’

266 835 328 872 An
342 835 431 872 latet
447 833 586 871 Maura
605 834 719 871 arbor
739 834 816 871 siue
838 834 952 871 citrus
973 833 1019 871 de
1040 845 1117 882 qua
1136 832 1432 882 pretiosissimae
1444 843 1601 869 mensae

212 900 380 938 fiebant?
437 899 529 937 Luc.
558 900 608 936 ix.
639 901 716 945 426
745 898 956 936 llIaurusia
986 899 1129 944 robora,
1151 897 1249 936 Plin.
1280 896 1333 935 H.
1364 897 1414 934 N.
1443 897 1518 934 xiii.
1549 909 1594 944 91

211 965 358 1002 Mauri
385 966 516 1014 quibus
549 966 732 1014 pluruma
775 965 888 1001 arbor
921 965 1013 1001 cilrz'
1041 969 1074 1000 et
1106 976 1314 1000 mensarum
1348 963 1510 1008 insania,
1550 973 1600 1009 95

212 1031 245 1067 A
254 1032 450 1067 ncorarz'us
465 1043 567 1067 mons
581 1035 735 1067 uocatur
749 1030 931 1066 citerioris
943 1029 1209 1066 Illaurelaniae
1222 1029 1291 1077 qui
1305 1028 1600 1065 laudatissimam

213 1097 311 1133 dedit
335 1097 478 1142 citrum,
502 1109 599 1132 nunc
626 1096 842 1140 exhaustus,
873 1094 987 1132 Mart.
1008 1095 1082 1132 xiv.
1105 1095 1167 1141 89.
1189 1106 1203 1130 1
1228 1094 1422 1130 Atlantica
1451 1105 1602 1129 munera

214 1163 343 1206 siluas,
364 1162 436 1199 xiv.
457 1173 519 1209 90.
545 1174 559 1198 1
584 1162 701 1198 siluae
709 1161 801 1210 filia
822 1159 1002 1205 Maurae,
1023 1159 1087 1197 xii.
1109 1161 1172 1197 66.
1195 1161 1216 1196 6
1238 1158 1490 1196 Mauruszkzcz’
1504 1158 1602 1194 citri.

215 1226 274 1264 Cf.
309 1238 410 1277 quae
439 1226 634 1276 congessit
662 1224 802 1275 Mayor
831 1225 880 1263 ad
912 1225 1045 1262 quen.
1075 1224 1098 1263 i.
1130 1232 1215 1273 137.
1272 1223 1386 1261 Certe
1416 1223 1446 1261 si
1474 1222 1603 1261 locum

214 1292 266 1329 sic
289 1292 455 1341 refingas

817 1362 855 1394 et
886 1354 1013 1393 Mauri
1044 1355 1161 1393 citrea
1189 1366 1334 1392 nomen

379 1420 468 1460 Oris
496 1421 611 1460 habet
639 1421 867 1471 titulumque
897 1433 967 1459 suo
995 1421 1067 1459 fert
1096 1421 1181 1471 ipsa
1209 1420 1336 1459 colore

214 1508 401 1545 sententia
429 1507 566 1545 euadet
592 1507 682 1545 satis
708 1507 849 1544 idonea
875 1506 991 1544 haec:
1023 1505 1286 1543 Mauretaniae
1316 1503 1482 1555 populus
1511 1515 1607 1542 con-

215 1573 323 1610 color
343 1580 400 1611 est
419 1573 514 1610 citro
541 1585 621 1618 suo,
642 1585 741 1621 quae
765 1573 879 1610 arbor
902 1571 1041 1609 Maura
1068 1571 1279 1620 appellatur
1305 1570 1396 1619 quia
1422 1569 1606 1618 subnigro

215 1639 345 1676 colore
373 1644 431 1675 est
459 1645 646 1686 tanquam
680 1637 792 1675 mulsi
824 1636 938 1687 (Plin.
968 1637 1044 1674 xiii.
1075 1636 1143 1686 97)
1176 1639 1221 1673 ‘a
1250 1647 1368 1673 warm
1399 1635 1533 1672 brown
1567 1633 1611 1671 of

216 1704 393 1741 different
413 1701 572 1741 shades’
594 1702 721 1740 Aiken
750 1715 803 1741 on
832 1702 1068 1740 ornamental
1088 1701 1221 1739 woods
1250 1714 1313 1750 pp.
1338 1713 1385 1748 23
1417 1712 1523 1749 sqq.:
1559 1698 1607 1736 cf.

218 1769 333 1807 Mart.
371 1769 444 1806 xiv,
488 1778 559 1817 127
611 1769 759 1806 turbato
800 1767 995 1806 Canusina
1037 1768 1227 1804 simillima
1265 1768 1380 1803 mulso
1419 1765 1524 1815 quod
1561 1765 1608 1802 de

218 1834 390 1884 paenulis
417 1833 533 1871 fuscis
563 1833 707 1871 dicitur.
764 1833 813 1870 Et
842 1834 954 1870 cilrea
983 1839 1087 1870 extat
1117 1832 1219 1882 apud
1247 1831 1413 1869 eundern
1443 1830 1608 1867 Plinium

222 1900 294 1937 xvi.
320 1909 391 1947 107
414 1900 546 1935 citreae
563 1903 598 1935 el
614 1899 804 1947 iuniperus
823 1903 857 1935 el
874 1899 963 1935 ilex.

274 1976 342 2014 IV.
367 1985 457 2024 739,
482 1985 558 2023 740
580 1975 632 2013 sic
653 1981 784 2012 extant
803 1975 842 2011 in
863 1974 1016 2012 Gembl.

381 2057 565 2095 Diuersas
593 2057 785 2106 pecudum
815 2057 931 2095 facies
958 2056 1211 2106 propriasque
1240 2055 1408 2093 ferarum

381 2122 432 2160 Et
460 2122 600 2172 duplici
630 2134 765 2160 causas
794 2122 1042 2172 elephantum
1072 2133 1223 2159 carcere
1253 2128 1383 2165 terrae,

220 2205 369 2244 clausas
399 2203 509 2242 Voss.¹
549 2216 683 2242 causas
713 2203 825 2242 Voss.2
849 2203 938 2243 Cus.
978 2203 1226 2253 elephantum
1256 2201 1365 2240 Voss}
1407 2200 1611 2240 elefantum

226 2270 314 2309 Cus.
352 2270 533 2308 elefantes
564 2269 675 2307 V0ss.2
713 2276 831 2307 terras
861 2268 973 2308 Voss.¹
998 2269 1086 2308 Cas.

280 2336 460 2386 Suspicor
473 2335 717 2373 scribendum
737 2337 864 2373 caulas
883 2348 953 2385 pro
967 2347 1112 2372 causas.
1142 2333 1235 2371 Vult
1256 2339 1371 2382 poeta
1391 2332 1614 2382 elephantas

223 2401 377 2439 nonnisi
393 2401 540 2438 duabus
556 2401 658 2438 orbis
679 2407 865 2438 terrarum
880 2400 1053 2450 partibus
1069 2398 1196 2437 caulas
1217 2410 1304 2436 suas
1317 2398 1466 2443 habere,
1477 2398 1614 2448 quibus

224 2473 409 2515 tanquam
429 2479 477 2504 ex
497 2465 667 2515 quodam
688 2477 839 2503 carcere
859 2466 961 2504 exire
982 2477 1050 2503 eos
1070 2472 1204 2502 natura
1223 2464 1395 2501 uetuerit.
1452 2462 1498 2501 C.
1519 2462 1548 2500 I.
1569 2461 1613 2501 L.

226 2532 271 2568 vi.
295 2534 370 2578 460
390 2533 535 2581 signum
557 2531 698 2578 Liberi,
724 2531 840 2568 basim
870 2531 999 2568 caulas
1020 2529 1131 2580 (lapis
1160 2528 1320 2580 causas),
1343 2540 1457 2579 quem
1487 2527 1613 2566 locum
