1786 2878
246 138 328 181 174
650 136 845 168 NOCTES
873 136 1203 168 MANILJANAE

232 243 394 293 flumine
420 246 562 288 cuncta,
585 240 782 280 Bentleius
809 247 915 291 atque
942 255 1014 280 uno
1041 256 1077 280 se
1104 243 1304 280 accendunt
1329 243 1463 281 lumine
1494 247 1636 290 cuncta,

243 308 412 346 Iacobus
431 312 536 357 atque
555 320 626 344 uno
644 308 801 344 candent
817 309 855 344 in
863 309 1024 358 flamine
1043 313 1184 346 cuncta.
1232 308 1354 354 Vnus,
1376 308 1482 358 quod
1503 310 1636 356 sciam,

246 373 454 412 Stocberus
466 374 627 424 flumine
646 373 700 410 sic
730 374 997 422 interpretatus
1017 380 1084 419 est,
1108 374 1265 411 ‘omnia
1294 375 1403 424 quasi
1432 373 1637 424 liquefacta

244 440 371 477 calore
396 439 564 476 diffluere
598 445 639 475 ut
670 451 758 476 cera
791 446 855 476 aut
882 439 1078 476 metallum
1102 439 1181 488 igni
1207 439 1450 489 impositum.'
1506 439 1557 477 Et
1576 453 1637 476 ceu

243 510 331 542 sunt
367 504 522 554 quidem
560 516 641 541 non
678 503 798 542 modo
836 504 929 541 nihil
973 504 1089 541 habet
1127 505 1166 541 in
1209 516 1248 542 se
1288 505 1529 550 difficultatis,
1569 504 1637 542 sed

244 571 360 608 etiam
389 569 546 607 mirifice
578 569 760 606 conuenit
789 569 837 606 ad
866 570 1156 619 temperandam
1185 582 1230 607 ac
1254 570 1506 619 mitigandam
1530 570 1636 608 locu-

244 636 390 673 tionem
409 647 480 672 uno
499 639 587 671 sunt
612 636 650 671 in
677 635 823 680 lumine,
843 635 898 673 sic
919 636 1023 672 enim
1049 648 1097 673 ex
1124 635 1285 673 Bentleii
1304 636 1524 673 coniectura
1545 636 1637 673 scri-

243 701 415 738 bendum
436 712 533 738 reor.
578 699 655 737 Sed
674 700 714 736 in
737 702 811 738 218
834 712 905 738 nec
917 702 1069 750 primas
1089 701 1195 751 quod
1215 701 1315 739 coni.
1334 700 1548 747 Reinesius,
1565 713 1637 739 nee

233 774 380 817 pronas
401 765 507 816 quod
535 765 718 814 Scaliger,
739 773 942 815 utrumque
971 767 1020 804 ab
1041 766 1144 804 Italis
1168 767 1289 804 multo
1316 775 1403 805 ante
1423 767 1636 812 inuentum,

243 832 334 870 satis
372 831 472 870 facit.
543 831 584 869 Si
622 832 831 870 litterarum
869 833 1006 870 ductus
1045 834 1229 883 sequaris,
1265 840 1414 882 poterat
1452 845 1536 870 esse
1566 840 1638 882 per

234 898 422 946 proxima
459 898 611 934 sustulit
645 910 742 944 orae,
781 897 864 936 h.e.
902 911 970 948 per
1008 911 1094 935 eam
1132 908 1281 948 partem
1320 899 1479 937 extremi
1517 898 1637 936 litoris

244 963 327 1000 siue
356 963 566 1000 horizontis
595 975 714 1012 quam
743 963 815 1000 sibi
844 964 1062 1013 proximam
1092 964 1217 1001 habet.

298 1028 424 1067 Multo
457 1029 543 1078 plus
577 1029 746 1078 scrupuli
775 1036 906 1067 mouet
940 1042 1027 1078 219.
1097 1029 1147 1066 In
1176 1042 1255 1079 quo
1284 1029 1389 1079 quod
1418 1028 1637 1067 ll'ascentem

242 1094 410 1132 Iacobus
439 1095 598 1131 mutauit
628 1094 666 1131 in
696 1094 917 1141 Hiscentem,
952 1101 989 1131 et
1018 1094 1091 1133 hoc
1121 1107 1210 1132 cum
1244 1095 1406 1133 lectione
1441 1095 1639 1133 coniunxit

242 1158 453 1197 Vossiani2
476 1173 586 1208 quam
616 1172 678 1196 nec
695 1161 828 1209 pelagi
850 1161 1096 1198 restrinxerit
1113 1161 1224 1206 unda,
1252 1172 1332 1197 non
1361 1161 1413 1197 ita
1443 1161 1637 1209 scripsisse

244 1224 450 1262 Manilium
483 1237 710 1274 persuasum
741 1225 881 1264 habeO.
944 1224 1003 1276 (1)
1038 1227 1281 1263 restrinxerit
1318 1238 1406 1263 cum
1439 1226 1540 1262 unda
1579 1226 1638 1262 in-

243 1303 472 1340 congruum,
505 1303 603 1339 quae
642 1291 769 1340 potius
807 1291 1030 1328 restinxerit
1057 1290 1092 1328 h.
1108 1304 1139 1328 e.
1168 1291 1349 1340 mitigarit
1387 1298 1636 1328 aestuantem.

241 1355 302 1408 (2)
330 1356 459 1402 Quem
490 1362 619 1393 autem
648 1356 754 1393 unda
785 1356 838 1394 sic
870 1356 1111 1393 restinxerit?
1179 1356 1272 1393 Non
1303 1355 1537 1402 Caniculam,
1568 1355 1636 1394 sed

242 1425 440 1458 nascentem
461 1421 649 1459 Canicula
667 1421 825 1459 oriente.
881 1421 927 1458 Id
948 1421 1051 1458 enim
1081 1421 1204 1470 agitur
1229 1421 1268 1458 in
1294 1420 1391 1458 libro
1412 1420 1460 1467 V,
1482 1428 1523 1458 ut
1543 1421 1636 1470 quid

241 1493 395 1524 maneat
416 1487 486 1523 sub
508 1486 668 1536 singulis
697 1487 816 1536 signis
840 1493 952 1524 natos
982 1486 1203 1535 explicetur.
1259 1486 1396 1535 Itaque
1417 1485 1466 1523 ad
1486 1493 1636 1524 ceteros

241 1551 396 1589 codices
433 1552 679 1590 reuoluimur.
749 1552 810 1589 Ex
844 1551 903 1589 his
935 1551 1087 1589 Gembl.
1120 1564 1209 1589 cum
1244 1551 1403 1589 Cusano
1439 1558 1476 1588 et
1505 1550 1635 1589 Voss.¹

241 1617 385 1654 habent
412 1616 632 1655 Nascentem
659 1618 699 1655 si
722 1630 838 1666 quem,
867 1617 1078 1667 Lipsiensis
1105 1617 1323 1655 Nascentem
1352 1629 1455 1665 quem
1485 1629 1562 1654 om.
1588 1618 1634 1663 si,

241 1682 347 1731 quod
376 1689 511 1732 postea
540 1690 732 1720 corrector
766 1683 921 1720 addidit.
992 1681 1066 1720 Pro
1099 1683 1345 1719 restrinxerit
1371 1688 1501 1719 autem
1530 1682 1636 1731 quod

242 1749 335 1786 dant
370 1747 583 1796 Lipsiensis
617 1755 654 1786 et
685 1746 828 1792 Voss.²,
860 1748 1082 1785 restinxerit
1108 1747 1214 1797 quod
1249 1746 1414 1793 Gembl.,
1450 1748 1636 1796 scriptum

240 1820 298 1851 est
336 1814 375 1850 in
407 1812 533 1851 Voss.¹
569 1820 606 1851 et
638 1813 796 1851 Cusano
824 1814 1119 1862 perstrinxerat.
1191 1812 1297 1851 Hinc
1326 1812 1512 1850 alternam
1542 1824 1635 1850 eruo

240 1879 445 1916 lectionem

316 1942 374 1994 (1)
405 1943 639 1982 Nascentem
670 1943 700 1981 si
729 1955 844 1993 quem
874 1943 999 1993 pelagi
1029 1943 1303 1992 perstrinxerat
1331 1942 1448 1989 unda,

241 2009 320 2048 h.e.
354 2009 384 2047 si
418 2010 479 2047 cui
514 2009 688 2046 nascenti
722 2010 850 2047 oriens
877 2008 1064 2046 Canicula
1094 2021 1143 2047 ex
1170 2008 1332 2047 Oceano
1366 2016 1512 2058 partem
1544 2020 1635 2046 suae

241 2075 436 2126 potentiae
456 2075 648 2112 iniecerat.

314 2139 374 2191 (2)
404 2139 639 2178 Nascentem
665 2141 714 2177 ni
737 2152 853 2190 quem
883 2139 1008 2189 pelagi
1037 2139 1249 2177 restinxerit
1277 2139 1390 2183 unda,

240 2206 278 2243 h.
292 2218 324 2244 e.
342 2206 415 2244 nisi
435 2211 517 2242 tum
539 2206 711 2242 nascenti
731 2212 941 2255 temperata
961 2218 1027 2255 per
1042 2204 1193 2243 Oceani
1213 2204 1360 2250 fluctus,
1381 2204 1483 2242 unde
1504 2204 1633 2252 oritur,

239 2271 428 2310 Canicula
447 2271 573 2308 mitior
592 2270 763 2308 adfuerit.

296 2336 477 2386 Superest
500 2337 539 2373 in
568 2349 640 2373 221
662 2337 776 2386 fletus
798 2348 868 2385 pro
890 2349 968 2385 quo
997 2336 1132 2373 melius
1153 2333 1283 2373 Voss.¹
1301 2336 1455 2385 fluetus.
1513 2335 1631 2384 Verg.

238 2402 337 2440 Aen.
359 2403 420 2439 xii.
443 2404 516 2450 831
541 2401 699 2438 Irarum
720 2406 838 2438 tantos
858 2403 975 2438 uoluis
995 2402 1059 2438 sub
1075 2406 1220 2450 pectore
1238 2402 1390 2451 fluctus.
1448 2399 1561 2438 Lucr.
1582 2401 1631 2438 iii.

242 2470 317 2516 296
340 2469 397 2504 uis
416 2472 468 2504 est
490 2468 646 2504 uiolenta
666 2468 805 2504 leonum
826 2467 985 2504 Pectora
1010 2468 1080 2516 qui
1089 2466 1254 2516 fremitu
1274 2470 1453 2515 rumpunt
1465 2467 1632 2515 plerum-

237 2546 305 2583 que
327 2537 506 2581 gementes
533 2532 613 2572 Nec
640 2539 767 2583 capere
795 2533 941 2570 irarum
959 2534 1104 2584 fluctus
1133 2533 1172 2568 in
1192 2535 1335 2582 pectore
1356 2535 1523 2580 possunt.
1579 2530 1630 2568 Et
