1786 2878
751 134 811 165 JV
1420 142 1498 184 123

164 239 283 287 Quod
304 240 353 278 ab
373 239 553 278 omnibus
577 246 773 290 receptum
798 240 912 278 uideo
939 241 1114 291 effindere,
1135 253 1225 279 cum
1255 244 1500 282 uetustissimi

109 308 331 355 conspirent
363 306 402 342 in
430 306 621 356 efflandae,
651 305 789 343 uellem
819 306 1033 343 inauditum
1062 309 1224 344 uerbum
1253 309 1405 347 aliunde
1434 310 1500 347 ad-

109 371 348 420 probassent.
410 362 527 417 Quid
555 370 658 407 enim
695 377 752 408 est
790 371 987 420 effindere?
1013 372 1174 419 ⁴nullam
1209 374 1389 422 equidem
1422 375 1500 412 uim

105 436 145 473 in
173 435 456 485 praepositione
485 437 620 474 sentio.
678 435 820 474 Melius
849 444 948 474 esset
976 437 1151 486 offindere‚
1183 439 1298 476 tutius
1327 441 1501 489 cffvzdere

105 501 167 539 cui
187 501 447 539 accusatiuum
469 501 605 539 Cicero
632 514 712 539 non
739 502 857 539 semel
878 503 1071 548 adnexuit,
1092 516 1121 540 ο.
1143 517 1252 541 aures
1273 503 1400 553 Ligar.
1423 506 1497 543 viii.

108 579 169 613 24,
196 567 314 604 oculos
343 566 438 615 Leg.
468 579 545 615 agr.
575 567 610 604 ii.
644 580 703 604 21.
729 569 790 615 56,
822 568 1005 616 scopulum
1037 567 1124 605 Sex.
1150 569 1268 608 Rosc.
1298 571 1402 608 xxix.
1436 580 1498 619 79,

105 632 152 670 de
173 631 279 670 Orat.
300 632 334 669 ii.
359 641 419 680 74.
443 645 516 681 301
541 645 585 669 ne
604 634 697 681 quid
713 634 885 683 (ffendas,
908 647 951 670 ne
970 646 1039 682 quo
1060 635 1199 671 irruas.

159 700 222 735 An
241 704 343 735 recte
362 697 540 735 traditum
562 706 619 735 est
645 699 837 748 effundere,
859 698 1091 748 referturque
1121 700 1169 737 ad
1196 701 1498 749 gubernatorum

103 763 279 812 peritiam
300 775 378 812 qua
398 763 550 800 clauum
571 764 623 801 sic
645 771 781 812 regunt
801 771 841 801 ut
862 771 898 802 et
918 764 1050 802 dextra
1070 777 1158 814 pars
1184 766 1435 814 gubernaculi
1462 773 1498 803 et

105 829 254 865 sinistra
273 828 522 877 aequabiliter
542 828 680 866 fluetus
700 831 882 867 moueat?
942 829 1004 867 Sic
1029 831 1133 867 enim
1155 832 1249 867 recti
1265 831 1314 867 ab
1334 838 1497 881 utroque

103 894 217 931 latere
237 894 389 943 puppis,
412 893 449 931 h.
465 906 496 931 e.
519 895 661 943 pariter
681 902 718 931 et
739 895 849 944 quasi
869 895 917 932 ad
939 895 1078 932 lineam
1098 895 1357 935 effunduntur.

157 967 262 1005 Nam
286 974 323 1005 et
343 967 412 1004 IV.
436 977 512 1015 515

265 1032 367 1070 Cum
396 1033 559 1070 uitreurn
588 1033 752 1070 fundens
782 1034 928 1071 aurauit
957 1034 1096 1072 uellere
1126 1042 1301 1084 pontum,

87 1107 260 1157 fundens
293 1118 430 1144 uerum
468 1113 595 1156 potest
633 1119 740 1154 esse3
784 1107 878 1144 fudit
917 1108 1021 1144 enim
1059 1108 1180 1146 uellus
1218 1121 1331 1145 suum
1362 1109 1494 1146 Aries:

103 1172 281 1223 quamuis
301 1173 341 1209 in
360 1172 508 1210 incerto
528 1185 588 1210 res
608 1173 666 1218 sit,
677 1173 829 1222 findens
849 1185 938 1210 cum
960 1174 998 1210 in
1020 1173 1151 1211 Voss.2
1172 1181 1405 1224 compareat.

158 1237 252 1274 Non
282 1244 395 1284 recte,
417 1238 448 1275 si
476 1249 538 1275 me
568 1238 687 1285 audis,
710 1238 758 1276 de
787 1238 860 1276 hoc
890 1251 924 1276 u.
946 1239 1120 1276 disseruit
1150 1240 1287 1289 Henry
1306 1240 1495 1278 Aeneide-

103 1315 214 1340 orum
244 1303 292 1340 iii.
323 1315 360 1353 p.
394 1304 469 1351 637
511 1303 560 1340 ad
589 1303 687 1340 Aen.
720 1303 793 1340 viii.
829 1313 876 1351 57
916 1305 1069 1354 ‘fluctus
1106 1305 1270 1355 effndere
1306 1310 1418 1342 reclos
1457 1312 1496 1342 to

101 1368 246 1417 plough
281 1368 344 1405 the
377 1380 482 1406 wave
515 1368 620 1418 lying
649 1369 688 1405 in
726 1381 748 1406 a
786 1369 884 1418 right
922 1369 997 1406 line
1036 1369 1165 1407 before
1199 1370 1261 1408 the
1301 1370 1397 1419 ship‚
1429 1378 1496 1408 not

101 1434 297 1483 breasting
318 1433 382 1470 the
403 1446 519 1480 wave,
541 1435 608 1471 but
634 1435 803 1483 running
827 1435 944 1484 along
968 1435 1005 1481 it,
1026 1434 1091 1472 the
1117 1434 1234 1485 ship's
1260 1435 1392 1485 length
1417 1436 1496 1473 and

102 1499 165 1536 the
185 1499 321 1537 wave's
342 1498 473 1548 length
491 1499 608 1548 being
628 1497 804 1549 paraHeL'

156 1563 257 1602 Mire
289 1564 329 1600 in
362 1563 419 1601 his
453 1564 625 1602 uersibus
659 1572 696 1601 et
726 1565 792 1614 qui
827 1571 1007 1602 secuntur
1035 1571 1110 1602 tres
1140 1565 1322 1603 Manilius
1354 1566 1495 1615 septies

102 1629 257 1666 easdem
287 1629 531 1679 syllabas-Er?
558 1631 823 1676 accumulauit‚
841 1632 1496 1681 conuertere-(ffundcre—agere—

101 1696 941 1745 2‘7fiecle7·e—euerrere-&ponere—carcere.

155 1780 224 1817 IV.
251 1781 327 1829 366
349 1792 435 1830 sqq.
457 1781 509 1818 sic
530 1788 662 1818 extant
683 1781 721 1817 in
743 1780 896 1820 Gembl.

262 1845 348 1883 Nec
377 1853 441 1883 tua
470 1847 540 1883 sub
570 1847 685 1884 titulis
715 1847 890 1884 fallantur
918 1854 1076 1896 pectora
1105 1848 1205 1885 notis

263 1911 517 1949 Dissimulant
546 1924 626 1949 non
656 1919 830 1949 ostentui·
859 1913 1084 1950 mortalibus
1112 1921 1212 1950 astra

262 1976 388 2013 Altius
416 1983 473 2014 est
502 1977 603 2014 acies
631 1978 748 2015 animi
777 1978 963 2015 mittenda
993 1979 1142 2027 sagacis

265 2041 391 2091 Inque
420 2042 495 2079 alio
524 2043 744 2092 quaerenda
772 2043 862 2079 mali
893 2043 1040 2081 cunctis
1070 2044 1309 2094 sequendum

157 2128 179 2163 3
188 2125 236 2163 70
265 2115 430 2153 Viribus.

157 2194 235 2240 366
272 2193 374 2231 notis
407 2195 514 2231 etiam
544 2194 591 2231 bo
620 2194 732 2231 nodis
772 2194 946 2231 Vossz'am·
970 2194 1092 2231 noctis
1121 2196 1173 2232 ed.
1203 2194 1364 2231 Molsniz·
1394 2204 1488 2241 1551

103 2259 205 2296 notis
231 2257 371 2296 Carrio
401 2272 451 2297 ex
484 2258 621 2297 Gembl.
643 2261 831 2296 reuocauit
847 2259 976 2307 Anlz‘q.
996 2259 1094 2295 Lecl.
1111 2267 1148 2308 p.
1172 2270 1217 2307 51
1269 2261 1332 2297 An
1354 2260 1494 2297 nudis?

106 2325 180 2372 367
205 2330 376 2362 ostentur
407 2324 579 2361 Vossz'cznz'
598 2324 684 2362 Cus.
708 2325 912 2361 ostendunt
932 2324 952 2361 b
968 2337 986 2361 0
1005 2329 1038 2361 el
1055 2325 1107 2361 sic
1128 2324 1299 2373 Scalzgrer
1324 2326 1363 2361 2¹72
1383 2326 1432 2361 cd.
1458 2338 1492 2373 3,

102 2391 273 2437 quamuis
300 2403 350 2427 ex
376 2391 584 2427 coniectura
614 2391 750 2426 dederit
775 2396 970 2427 ostentum
1022 2402 1061 2426 se
1083 2397 1274 2427 ostentant
1294 2390 1490 2427 Benllcz'us.

106 2455 182 2503 369
199 2454 275 2492 alto
291 2454 462 2505 Scalzgrer
477 2455 696 2505 quaerendo
721 2455 833 2491 Voss?
847 2460 880 2492 et
896 2456 1003 2504 szs.
1026 2458 1114 2494 mali
1142 2455 1248 2493 Voss)
1275 2455 1362 2493 Cus.
1404 2456 1492 2492 mali

105 2520 212 2569 quod
232 2526 288 2558 est
301 2521 405 2570 Lz'ps.
423 2522 485 2558 sed
500 2535 522 2558 a
543 2534 638 2558 cerr.
655 2521 719 2558 dcl.
738 2520 843 2570 quod
858 2528 924 2568 est,
939 2522 1070 2559 Iacobo
1086 2526 1230 2559 leslanlc
1277 2521 1377 2558 mala
1399 2520 1491 2569 quid
