1786 2878
244 136 297 176 68
654 143 850 176 NocrEs
879 143 1208 176 MANJLJAMffl

243 251 495 300 giomontana
515 248 631 287 editio
650 260 738 287 cum
760 247 1021 299 Neapolitana
1048 248 1331 299 corrigendum,
1353 249 1391 287 in
1418 248 1534 288 dubio
1561 257 1630 288 est.

243 315 295 353 Π.
319 325 395 364 730
415 316 610 366 defuerant
625 321 683 352 est
702 314 742 351 in
758 312 909 352 Gembl.
930 321 966 352 et
986 314 1186 364 plerisque,
1205 315 1390 364 defuerint
1405 315 1446 352 in
1465 328 1495 361 o,
1512 322 1553 353 ut
1571 315 1632 353 hic

243 393 398 431 quoque
432 380 700 430 reponendum
727 379 888 417 fortasse
912 379 1116 430 plusquam
1143 380 1355 430 perfectum
1385 381 1441 418 sit.
1500 379 1562 418 Sic
1582 380 1631 417 V.

245 449 323 494 605
349 447 498 484 extollit
519 445 672 484 Gembl.
694 452 731 482 et
759 445 942 495 plerique,
967 447 1139 483 exstillat
1159 444 1300 492 Voss.²‚
1327 446 1377 483 II.
1403 459 1478 495 949
1509 447 1637 483 mersit

246 511 399 549 Gembl.
421 518 457 549 et
477 511 659 560 plerique,
679 515 818 548 mersat
835 523 864 547 0.

300 579 376 625 879
417 576 610 614 Bentleius
649 582 751 613 recte
789 575 971 613 traditum
1009 575 1179 623 credidit,
1212 582 1248 614 et
1286 576 1352 626 qui
1391 576 1503 614 toties
1541 576 1634 614 alias

244 643 427 680 odoratus
459 642 505 679 sit
538 641 765 687 barbariem,
798 641 860 678 hic
894 641 985 678 nihil
1019 641 1091 679 nisi
1122 641 1333 680 ‘audacem
1362 642 1542 691 figuram'
1576 654 1633 679 re-

244 708 366 758 perire
384 719 423 745 se
439 707 647 756 profitetur.
694 707 746 744 At
761 706 846 756 quis
867 718 1039 756 unquam
1059 707 1153 744 dixit
1172 709 1210 744 in
1231 708 1411 744 tumulum
1431 709 1536 744 cessit
1553 707 1640 744 belli

245 775 409 822 uitaeque
440 779 481 810 ut
515 772 590 810 hoc
625 772 866 821 significaret,
899 773 1019 809 uitam
1061 784 1170 809 suam
1208 772 1428 822 bellumque
1463 785 1551 810 cum
1589 785 1635 810 ea

245 838 448 888 sepulchro
485 837 681 875 condidit?
739 836 885 875 Contra
923 838 962 874 in
1000 838 1184 875 cumulum
1223 839 1342 875 cedere
1378 838 1440 876 uel
1480 838 1636 876 accedere

244 904 412 953 optimae
451 902 646 940 latinitatis
675 909 742 940 est.
799 902 879 940 Cic.
919 903 967 940 de
996 902 1068 951 leg.
1104 915 1223 952 agrar.
1258 904 1294 940 ii.
1330 916 1389 952 23-
1427 905 1474 940 62
1515 916 1636 940 omnes

244 969 352 1006 urbes
377 970 472 1018 agri
495 981 614 1017 regna
643 968 801 1016 denique,
819 972 1000 1017 postremo
1028 970 1135 1005 etiam
1165 969 1361 1018 uectigalia
1389 973 1510 1006 uestra
1534 970 1635 1005 uem·-

245 1036 351 1080 erint,
383 1035 602 1071 accesserint
626 1034 665 1070 in
699 1034 883 1070 cumulum
911 1034 1104 1071 manubiae
1129 1038 1333 1071 uestrorum
1365 1035 1635 1083 imperatorum.

248 1100 392 1137 Similia
430 1105 518 1136 sunt
556 1097 639 1135 Liu.
677 1099 724 1136 vi.
758 1111 806 1147 34
836 1105 953 1147 poena
991 1100 1030 1135 in
1064 1101 1177 1136 uicem
1206 1099 1307 1149 fidei
1339 1104 1503 1136 cesserat.
1540 1099 1634 1135 Plin.

247 1166 299 1203 H.
330 1165 379 1202 N.
408 1178 519 1203 xxxv.
554 1176 599 1213 91
634 1166 714 1213 zpsa
749 1165 894 1201 im'uria
924 1166 1031 1201 cessit
1057 1165 1096 1201 in
1121 1165 1285 1214 gloriam
1313 1165 1483 1214 artzficis.
1540 1164 1634 1201 Tac.

248 1231 348 1269 Hist.
370 1231 392 1268 i.
418 1243 432 1267 1
446 1243 460 1267 1
485 1229 605 1267 Italia
634 1231 674 1266 in
693 1230 858 1278 pretium
887 1229 974 1266 belli
997 1243 1146 1267 cessura
1175 1234 1264 1267 erat.
1323 1230 1371 1267 ib.
1405 1241 1453 1278 70
1473 1229 1636 1267 lVoricos

246 1303 285 1339 in
319 1306 434 1338 cetera
462 1302 638 1338 uictoriae
663 1302 835 1350 praemia
869 1314 1043 1338 cessuros.
1092 1300 1226 1340 Manil.
1254 1301 1326 1338 ΙΙΙ.
1360 1314 1408 1348 24
1439 1302 1556 1338 omnis
1583 1299 1634 1337 In

237 1367 373 1417 populi
387 1369 498 1404 unius
517 1367 607 1416 leges
627 1371 669 1403 ut
685 1367 830 1403 cesserit
845 1366 954 1405 orbis.

304 1432 379 1470 Sed
405 1432 518 1470 ualde
543 1432 675 1469 dubito
700 1444 794 1468 num
813 1439 915 1470 recte
935 1432 974 1469 in
994 1431 1184 1482 plerisque
1207 1431 1388 1468 traditum
1409 1432 1456 1469 sit
1475 1430 1635 1481 typheus.

248 1497 352 1535 Nam
377 1498 491 1535 Voss.²
517 1497 632 1534 habet
657 1498 836 1545 tropheus,
855 1497 959 1534 unde
985 1499 1144 1546 tropaeis
1173 1497 1282 1534 facile
1321 1497 1460 1535 elicias.
1520 1495 1640 1534 Cessit

248 1562 455 1614 (Typhon)
497 1564 537 1600 in
573 1564 756 1600 cumulum
795 1564 954 1612 tropaeis
995 1564 1080 1600 belli
1118 1565 1292 1611 uitaeque,
1331 1574 1420 1600 cum
1457 1562 1636 1599 uictoriae

248 1640 366 1678 quam
387 1628 424 1665 di
445 1641 492 1665 ex
512 1629 713 1677 gigantum
733 1635 769 1666 et
789 1627 994 1677 Typhonis
1014 1629 1090 1665 uita
1111 1634 1351 1677 reportarant
1370 1627 1452 1676 ipse
1468 1626 1637 1676 Typhon

248 1701 436 1744 tanquam
453 1693 627 1731 cumulus
647 1694 806 1731 accessit
832 1693 1000 1742 sepultus
1021 1694 1090 1731 sub
1110 1693 1237 1731 Aetna
1262 1699 1404 1729 monte.
1460 1691 1636 1737 Dixeris3

250 1766 288 1796 at
308 1759 407 1796 male
428 1759 481 1796 sic
507 1759 682 1808 procedit
709 1758 842 1804 oratio,
864 1771 952 1796 cum
981 1759 1030 1795 ab
1057 1758 1251 1808 Typhone
1277 1769 1313 1794 u.
1335 1759 1410 1805 876
1438 1757 1637 1794 transitum

249 1825 297 1862 sit
326 1824 375 1861 ad
403 1832 550 1861 ceteros
570 1822 770 1873 Gigantas,
800 1826 876 1871 879
902 1831 1030 1861 autem
1054 1824 1103 1860 ad
1126 1822 1250 1861 Cessit
1276 1824 1489 1872 requiratur
1512 1834 1638 1860 nouus

250 1890 522 1935 nominatiuus,
545 1895 582 1926 et
605 1888 792 1938 ijhoeus
812 1901 901 1926 cum
921 1890 959 1926 ui
979 1889 1130 1927 claudat
1152 1889 1391 1926 sententiam.

305 1955 452 1992 Verum
471 1954 547 1992 hoc
567 1962 634 2000 est,
648 1966 719 1991 nec
740 1954 820 1991 sine
838 1966 940 1991 noua
961 1966 1033 2003 ope
1054 1954 1232 1992 codicum
1251 1952 1355 1990 MSS
1375 1953 1638 2002 recipiendum

250 2022 419 2070 tropaeis.
478 2019 554 2057 Sed
573 2019 633 2057 hic
654 2020 734 2068 ipse
755 2019 977 2069 Typhoeus,
999 2031 1129 2057 nonne
1148 2019 1273 2069 potuit
1294 2019 1345 2056 sic
1371 2018 1444 2056 dici
1469 2019 1639 2055 cumulus

251 2087 338 2123 belli
353 2087 526 2134 uitaeque,
549 2085 638 2134 quia
659 2091 747 2134 post
767 2085 945 2122 subactos
965 2091 1112 2122 ceteros
1128 2085 1194 2135 qui
1214 2096 1302 2122 cum
1322 2096 1369 2121 eo
1390 2084 1540 2121 stabant
1559 2084 1639 2132 ipse

251 2151 405 2188 ultimus
426 2151 547 2188 extitit
567 2149 739 2187 cumulus
758 2150 940 2188 uictoriae
968 2162 1085 2200 quam
1105 2163 1152 2187 ex
1171 2150 1273 2187 bello
1300 2161 1344 2187 ac
1369 2149 1446 2186 uita
1471 2148 1639 2186 hostium

253 2217 291 2254 di
319 2216 588 2266 reportarunt?
646 2214 884 2265 ‘Typhoeus
914 2215 1207 2254 consummated
1237 2215 1300 2252 the
1329 2213 1439 2264 gods'
1472 2213 1638 2263 triumph

253 2294 343 2320 over
371 2293 449 2318 war
477 2280 555 2318 and
583 2278 666 2318 lise.’

308 2347 360 2385 11.
380 2347 470 2392 881,
495 2358 513 2382 2
537 2345 591 2383 sic
613 2351 746 2383 extant
766 2345 804 2383 in
826 2345 980 2384 Gembl.

415 2411 544 2460 Atque
575 2410 796 2459 refulgentis
825 2412 996 2460 sequitur
1025 2410 1175 2460 fastigia
1204 2410 1312 2448 caelo

416 2476 597 2513 Proxima
626 2487 696 2512 nec
726 2476 796 2524 ipsi
827 2476 960 2514 caedat
989 2476 1054 2525 qui
1082 2475 1248 2525 fungitur
1277 2481 1390 2513 astro.

311 2543 382 2578 881
420 2541 545 2592 Atque
567 2540 788 2590 refulgentis
814 2540 926 2579 Voss.1
975 2542 1101 2591 Atque
1131 2540 1329 2587 refulontis
1355 2539 1465 2577 Voss?
1513 2540 1640 2589 Atque
