1786 2878
648 141 844 172 PRAEFA
854 141 944 173 Tm.
1447 132 1493 173 ix

99 247 258 285 nomina
278 245 330 284 ibi
353 246 690 296 peregrinantium,
713 259 825 284 suum
846 259 1013 297 quoque,
1035 258 1123 285 curn
1145 246 1205 285 die
1225 259 1303 297 quo
1323 255 1491 293 uenerat,

99 312 239 350 rettulit
258 312 472 362 adiecitque
492 311 586 350 haec
609 325 656 350 ex
678 311 841 351 Manilio
863 312 931 363 (ΙΙ.
958 321 1044 359 115,
1071 326 1084 349 1
1098 312 1164 363 16)

262 376 362 424 Quis
390 377 539 415 caelum
567 384 698 426 posset
727 378 799 415 nisi
828 378 921 415 caeli
950 390 1106 429 munere
1136 390 1265 424 nosse,

261 441 311 480 Et
339 443 503 492 reperire
533 442 663 480 Deum
692 443 763 481 nisi
792 444 857 493 qui
886 455 974 493 pars
1003 443 1085 492 ipse
1114 443 1287 481 Deorum
1319 445 1401 481 est?

99 507 288 546 Videlicet
325 507 546 546 recordatus
584 516 642 546 est
679 509 753 546 loci
788 521 866 558 quo
905 508 1088 546 Manilius
1126 509 1173 546 de
1212 516 1292 546 arte
1330 509 1493 559 loquens

99 573 380 623 astrologorum
396 573 590 622 redarguit
606 581 791 623 negantes
811 586 927 623 posse
947 574 1028 623 regi
1044 574 1119 611 fata
1135 574 1330 612 sideribus.
1374 575 1492 612 Hunc

98 639 212 687 igitur
230 646 346 688 poeta
368 638 505 676 unicus
529 639 690 688 dignum
711 639 841 676 habuit
862 651 978 689 quem
1007 640 1047 676 in
1074 640 1262 676 memoria
1283 639 1492 684 conditum,

98 705 164 741 ubi
197 704 336 750 liceret,
366 711 620 753 expromeret,
651 716 722 742 nos
756 717 837 742 non
865 717 913 743 ex
943 705 1135 742 obliuione
1165 705 1341 742 diuturna
1369 705 1493 742 uindi-

99 770 285 816 cabimus,
307 769 347 807 in
366 769 567 819 lucemque
589 782 633 808 ac
655 770 757 808 diem
777 770 913 808 iterum
933 770 1230 820 protrahemus?

155 835 379 885 Cogitaram
410 835 458 873 de
494 834 645 872 Manilii
679 843 803 874 aetate
832 843 869 873 et
898 837 1054 885 ingenio
1088 836 1275 873 nonnulla
1309 836 1490 885 exsequi:

100 901 168 939 sed
194 913 266 939 nec
291 901 439 939 libellus
466 901 527 938 hic
557 901 850 950 amplificandus
879 909 970 947 erat,
992 909 1029 939 et
1056 902 1145 939 satis
1171 901 1267 938 haec
1288 909 1493 939 tractarunt

99 968 172 1013 alii,
193 967 296 1004 uelut
316 967 510 1016 Georgius
529 967 576 1003 A.
598 966 756 1004 Simcox
783 967 822 1004 in
849 967 1008 1005 historia
1036 967 1243 1005 litterarum
1271 966 1492 1004 Latinarum

99 1031 369 1070 et·Lans0nus
397 1033 436 1070 in
465 1032 652 1082 opusculo
672 1031 777 1082 quod
803 1033 844 1069 de
868 1032 1036 1069 lllanz'lz'o
1058 1037 1165 1081 poeta
1194 1032 1309 1070 edidit
1340 1031 1493 1070 Parisiis

99 1110 205 1135 anno
232 1100 331 1146 1887
347 1097 370 1136 ¹.

155 1162 378 1202 Manilianis
411 1163 740 1202 dissertationibus
774 1162 903 1200 addidi
937 1162 1122 1200 nonnulla
1152 1175 1250 1212 quae
1283 1162 1323 1200 in
1352 1162 1493 1200 Aratea

100 1228 324 1267 Germanici
357 1236 646 1268 commentatus
680 1229 743 1266 fui.
801 1228 893 1275 Quo
923 1228 1079 1277 quidem
1108 1229 1278 1266 carmine
1309 1229 1358 1265 ab
1389 1240 1493 1266 anno

98 1307 223 1345 usque
268 1297 382 1343 1873,
416 1307 494 1345 quo
532 1295 700 1344 primum
740 1296 775 1333 ei
815 1294 978 1343 legendo
1015 1294 1183 1338 incubui,
1218 1306 1370 1343 semper
1408 1306 1492 1331 sum

99 1360 197 1398 adeo
235 1360 456 1406 delectatus,
488 1368 530 1398 ut
572 1360 724 1409 saepius
763 1359 812 1397 ad
850 1360 889 1397 id
923 1359 1097 1404 redirem,
1136 1359 1421 1405 emendaturus,
1460 1360 1492 1397 si

98 1438 267 1475 possem,
294 1427 433 1463 uitiosa
457 1438 556 1476 quae
586 1426 723 1462 librarii
754 1425 970 1471 intulerant,
999 1437 1077 1462 non
1108 1424 1335 1462 sustulerant
1363 1425 1492 1462 critici.

101 1491 193 1529 Non
222 1492 326 1529 enim
355 1491 488 1529 dubito
516 1491 642 1529 dicere
667 1503 738 1528 nec
759 1490 938 1528 Ciceroni
967 1502 1039 1527 nec
1058 1489 1209 1526 Auieno
1233 1496 1312 1527 tam
1337 1489 1492 1528 feliciter

99 1569 258 1606 operam
279 1557 318 1593 in
337 1556 457 1594 Arato
477 1556 730 1606 exprimendo
750 1568 867 1605 quam
888 1555 1122 1593 Germanico
1143 1555 1383 1592 successisse.

154 1622 298 1661 Oxonii
319 1622 380 1660 die
400 1622 492 1659 xxiii
515 1622 681 1659 Ianuarii
701 1634 734 1660 a.
755 1633 956 1660 MDCCCXCI.

143 1737 154 1755 ¹
178 1737 454 1769 Emendationum
480 1747 624 1768 mearum
652 1746 726 1777 pars
754 1736 818 1766 iam
850 1746 935 1767 anno
966 1734 1047 1766 1886
1079 1736 1110 1766 in
1139 1734 1254 1766 Diario
1285 1733 1492 1776 Philologico

100 1789 363 1830 Cantabrigiensi
389 1792 454 1828 (xv.
475 1800 530 1830 pp.
550 1798 578 1828 2,
597 1792 642 1828 3),
665 1799 740 1830 pars
764 1798 850 1819 anno
869 1789 952 1829 1890
974 1788 1152 1828 <Classical
1163 1788 1298 1818 Review
1322 1787 1371 1818 for
1394 1788 1489 1829 May)

100 1841 225 1883 publici
241 1841 318 1873 iuris
334 1842 420 1873 facta
436 1846 493 1873 est.
