<?xml version="1.0" encoding="UTF-8"?>
<!DOCTYPE html PUBLIC "-//W3C//DTD XHTML 1.0 Transitional//EN"
    "http://www.w3.org/TR/xhtml1/DTD/xhtml1-transitional.dtd">
<html xmlns="http://www.w3.org/1999/xhtml" xml:lang="en" lang="en">
 <head>
  <title>
</title>
<meta http-equiv="Content-Type" content="text/html;charset=utf-8" />
  <meta name='ocr-system' content='tesseract 3.04.00' />
  <meta name='ocr-capabilities' content='ocr_page ocr_carea ocr_par ocr_line ocrx_word'/>
</head>
<body>
  <div class='ocr_page' id='page_1' title='image "./noctesmanilianae00elliuoft_0025.png"; bbox 0 0 1786 2878; ppageno 0'>
   <div class='ocr_carea' id='block_1_1' title="bbox 828 144 1533 190">
    <p class='ocr_par' dir='ltr' id='par_1_1' title="bbox 828 144 1533 190">
     <span class='ocr_line' id='line_1_1' title="bbox 828 144 1533 190; baseline 0.003 -2"><span class='ocrx_word' id='word_1_1' title='bbox 828 144 854 175; x_wconf 80' lang='lat' dir='ltr'><em>I</em></span> <span class='ocrx_word' id='word_1_2' title='bbox 1508 146 1533 190; x_wconf 90' lang='lat'><em>5</em></span> 
     </span>
    </p>
   </div>
   <div class='ocr_carea' id='block_1_2' title="bbox 125 255 1540 2580">
    <p class='ocr_par' dir='ltr' id='par_1_2' title="bbox 127 255 1540 436">
     <span class='ocr_line' id='line_1_2' title="bbox 145 255 1540 306; baseline 0.001 -13"><span class='ocrx_word' id='word_1_3' title='bbox 145 255 354 305; x_wconf 77' lang='lat' dir='ltr'><em>regionibus</em></span> <span class='ocrx_word' id='word_1_4' title='bbox 368 260 421 294; x_wconf 81' lang='lat' dir='ltr'>est</span> <span class='ocrx_word' id='word_1_5' title='bbox 436 256 573 306; x_wconf 59' lang='lat' dir='ltr'>ignota,</span> <span class='ocrx_word' id='word_1_6' title='bbox 588 256 805 292; x_wconf 71' lang='lat' dir='ltr'>renuntiant</span> <span class='ocrx_word' id='word_1_7' title='bbox 817 259 932 293; x_wconf 75' lang='lat' dir='ltr'>aulem</span> <span class='ocrx_word' id='word_1_8' title='bbox 947 256 1194 304; x_wconf 77' lang='lat' dir='ltr'>negolz&#39;alores,</span> <span class='ocrx_word' id='word_1_9' title='bbox 1209 258 1277 305; x_wconf 79' lang='lat' dir='ltr'>qui</span> <span class='ocrx_word' id='word_1_10' title='bbox 1288 257 1343 293; x_wconf 79' lang='lat' dir='ltr'>ad</span> <span class='ocrx_word' id='word_1_11' title='bbox 1353 261 1540 295; x_wconf 74' lang='lat' dir='ltr'>extremas</span> 
     </span>
     <span class='ocr_line' id='line_1_3' title="bbox 143 321 1538 373; baseline 0.001 -15"><span class='ocrx_word' id='word_1_12' title='bbox 143 322 308 373; x_wconf 78' lang='lat' dir='ltr'>Aegypti</span> <span class='ocrx_word' id='word_1_13' title='bbox 322 323 484 372; x_wconf 76' lang='lat' dir='ltr'><em>regiones</em></span> <span class='ocrx_word' id='word_1_14' title='bbox 496 322 762 371; x_wconf 78' lang='lat' dir='ltr'>proximasque</span> <span class='ocrx_word' id='word_1_15' title='bbox 787 321 928 358; x_wconf 69' lang='lat' dir='ltr'>ultz&#39;mz&#39;s</span> <span class='ocrx_word' id='word_1_16' title='bbox 946 321 1092 371; x_wconf 75' lang='lat' dir='ltr'>finibus</span> <span class='ocrx_word' id='word_1_17' title='bbox 1120 326 1241 359; x_wconf 75' lang='lat' dir='ltr'>terrae</span> <span class='ocrx_word' id='word_1_18' title='bbox 1268 324 1538 361; x_wconf 75' lang='lat' dir='ltr'>lermz&#39;nalz&#39;ones</span> 
     </span>
     <span class='ocr_line' id='line_1_4' title="bbox 127 387 307 436; baseline 0.011 -13"><span class='ocrx_word' id='word_1_19' title='bbox 127 387 307 436; x_wconf 78' lang='lat' dir='ltr'>fuerunt.</span> 
     </span>
    </p>

    <p class='ocr_par' dir='ltr' id='par_1_3' title="bbox 197 452 327 499">
     <span class='ocr_line' id='line_1_5' title="bbox 197 452 327 499; baseline -0.008 -10"><span class='ocrx_word' id='word_1_20' title='bbox 197 452 228 489; x_wconf 91' lang='grc' dir='ltr'>Ι.</span> <span class='ocrx_word' id='word_1_21' title='bbox 251 461 327 499; x_wconf 89' lang='lat'>245</span> 
     </span>
    </p>

    <p class='ocr_par' dir='ltr' id='par_1_4' title="bbox 236 508 1516 566">
     <span class='ocr_line' id='line_1_6' title="bbox 236 508 1516 566; baseline 0.002 -12"><span class='ocrx_word' id='word_1_22' title='bbox 236 508 247 519; x_wconf 73' lang='lat'>⁸</span> <span class='ocrx_word' id='word_1_23' title='bbox 305 515 390 555; x_wconf 91' lang='lat' dir='ltr'>Nos</span> <span class='ocrx_word' id='word_1_24' title='bbox 419 517 459 553; x_wconf 92' lang='lat' dir='ltr'>in</span> <span class='ocrx_word' id='word_1_25' title='bbox 488 523 602 555; x_wconf 90' lang='lat' dir='ltr'>nocte</span> <span class='ocrx_word' id='word_1_26' title='bbox 631 528 764 554; x_wconf 89' lang='lat' dir='ltr'>sumus</span> <span class='ocrx_word' id='word_1_27' title='bbox 795 528 1032 566; x_wconf 84' lang='lat' dir='ltr'>somnosque</span> <span class='ocrx_word' id='word_1_28' title='bbox 1062 517 1100 554; x_wconf 93' lang='lat' dir='ltr'>in</span> <span class='ocrx_word' id='word_1_29' title='bbox 1130 518 1303 556; x_wconf 88' lang='lat' dir='ltr'>membra</span> <span class='ocrx_word' id='word_1_30' title='bbox 1332 517 1516 557; x_wconf 80' lang='lat' dir='ltr'>locamus.</span> 
     </span>
    </p>

    <p class='ocr_par' dir='ltr' id='par_1_5' title="bbox 140 581 1521 697">
     <span class='ocr_line' id='line_1_7' title="bbox 197 581 1521 634; baseline 0.002 -15"><span class='ocrx_word' id='word_1_31' title='bbox 197 581 323 619; x_wconf 91' lang='lat' dir='ltr'>Nimis</span> <span class='ocrx_word' id='word_1_32' title='bbox 348 582 445 620; x_wconf 89' lang='lat' dir='ltr'>mira</span> <span class='ocrx_word' id='word_1_33' title='bbox 463 581 617 619; x_wconf 92' lang='lat' dir='ltr'>locutio.</span> <span class='ocrx_word' id='word_1_34' title='bbox 646 581 872 631; x_wconf 87' lang='lat' dir='ltr'>Scripserim</span> <span class='ocrx_word' id='word_1_35' title='bbox 899 594 1081 619; x_wconf 77' lang='lat' dir='ltr'>uocamus.</span> <span class='ocrx_word' id='word_1_36' title='bbox 1138 582 1196 620; x_wconf 89' lang='lat' dir='ltr'>Cf.</span> <span class='ocrx_word' id='word_1_37' title='bbox 1218 583 1356 621; x_wconf 89' lang='lat' dir='ltr'>Catull.</span> <span class='ocrx_word' id='word_1_38' title='bbox 1377 584 1477 622; x_wconf 81' lang='lat' dir='ltr'>xlvii.</span> <span class='ocrx_word' id='word_1_39' title='bbox 1502 595 1521 634; x_wconf 87' lang='lat'>7</span> 
     </span>
     <span class='ocr_line' id='line_1_8' title="bbox 140 646 1092 697; baseline 0 -12"><span class='ocrx_word' id='word_1_40' title='bbox 140 646 191 685; x_wconf 87' lang='lat' dir='ltr'>Et</span> <span class='ocrx_word' id='word_1_41' title='bbox 213 647 266 684; x_wconf 90' lang='lat' dir='ltr'>sic</span> <span class='ocrx_word' id='word_1_42' title='bbox 286 653 374 685; x_wconf 89' lang='lat' dir='ltr'>ante</span> <span class='ocrx_word' id='word_1_43' title='bbox 394 659 456 685; x_wconf 88' lang='lat' dir='ltr'>me</span> <span class='ocrx_word' id='word_1_44' title='bbox 477 646 673 697; x_wconf 84' lang='lat' dir='ltr'>Coningto</span> <span class='ocrx_word' id='word_1_45' title='bbox 689 646 807 696; x_wconf 84' lang='lat' dir='ltr'>Verg.</span> <span class='ocrx_word' id='word_1_46' title='bbox 824 647 846 684; x_wconf 89' lang='lat' dir='ltr'>i.</span> <span class='ocrx_word' id='word_1_47' title='bbox 863 660 899 696; x_wconf 94' lang='lat' dir='ltr'>p.</span> <span class='ocrx_word' id='word_1_48' title='bbox 919 649 994 693; x_wconf 90' lang='lat'>416</span> <span class='ocrx_word' id='word_1_49' title='bbox 1016 647 1092 685; x_wconf 64' lang='lat' dir='ltr'>ed.‘¹</span> 
     </span>
    </p>

    <p class='ocr_par' dir='ltr' id='par_1_6' title="bbox 195 712 383 761">
     <span class='ocr_line' id='line_1_9' title="bbox 195 712 383 761; baseline -0.005 -11"><span class='ocrx_word' id='word_1_50' title='bbox 195 712 226 750; x_wconf 95' lang='lat' dir='ltr'>I.</span> <span class='ocrx_word' id='word_1_51' title='bbox 250 721 338 761; x_wconf 90' lang='lat'>271,</span> <span class='ocrx_word' id='word_1_52' title='bbox 364 724 383 749; x_wconf 88' lang='lat'><strong>2</strong></span> 
     </span>
    </p>

    <p class='ocr_par' dir='ltr' id='par_1_7' title="bbox 302 776 1344 892">
     <span class='ocr_line' id='line_1_10' title="bbox 302 776 1340 826; baseline 0.002 -12"><span class='ocrx_word' id='word_1_53' title='bbox 302 777 408 814; x_wconf 92' lang='lat' dir='ltr'>Tum</span> <span class='ocrx_word' id='word_1_54' title='bbox 436 776 541 815; x_wconf 89' lang='lat' dir='ltr'>uenit</span> <span class='ocrx_word' id='word_1_55' title='bbox 569 784 735 826; x_wconf 84' lang='lat' dir='ltr'>angusto</span> <span class='ocrx_word' id='word_1_56' title='bbox 765 776 1025 826; x_wconf 82' lang='lat' dir='ltr'>Capricornus</span> <span class='ocrx_word' id='word_1_57' title='bbox 1055 777 1177 816; x_wconf 78' lang='lat' dir='ltr'>sidere</span> <span class='ocrx_word' id='word_1_58' title='bbox 1206 777 1340 816; x_wconf 83' lang='lat' dir='ltr'>flexus.</span> 
     </span>
     <span class='ocr_line' id='line_1_11' title="bbox 303 841 1344 892; baseline 0.002 -13"><span class='ocrx_word' id='word_1_59' title='bbox 303 841 398 880; x_wconf 89' lang='lat' dir='ltr'>Post</span> <span class='ocrx_word' id='word_1_60' title='bbox 427 841 529 880; x_wconf 91' lang='lat' dir='ltr'>hunc</span> <span class='ocrx_word' id='word_1_61' title='bbox 560 842 743 880; x_wconf 77' lang='lat' dir='ltr'>inflexam</span> <span class='ocrx_word' id='word_1_62' title='bbox 772 842 944 880; x_wconf 87' lang='lat' dir='ltr'>defundit</span> <span class='ocrx_word' id='word_1_63' title='bbox 973 842 1167 892; x_wconf 85' lang='lat' dir='ltr'>Aquarius</span> <span class='ocrx_word' id='word_1_64' title='bbox 1195 855 1344 881; x_wconf 81' lang='lat' dir='ltr'>urnam.</span> 
     </span>
    </p>

    <p class='ocr_par' dir='ltr' id='par_1_8' title="bbox 135 907 1534 1142">
     <span class='ocr_line' id='line_1_12' title="bbox 194 907 1533 957; baseline 0.003 -13"><span class='ocrx_word' id='word_1_65' title='bbox 194 907 443 957; x_wconf 86' lang='lat' dir='ltr'>Quamquam</span> <span class='ocrx_word' id='word_1_66' title='bbox 463 907 750 957; x_wconf 83' lang='lat' dir='ltr'>participiorum</span> <span class='ocrx_word' id='word_1_67' title='bbox 771 920 850 946; x_wconf 90' lang='lat' dir='ltr'>non</span> <span class='ocrx_word' id='word_1_68' title='bbox 870 907 1008 945; x_wconf 89' lang='lat' dir='ltr'>desunt</span> <span class='ocrx_word' id='word_1_69' title='bbox 1029 907 1205 957; x_wconf 82' lang='lat' dir='ltr'>exempla</span> <span class='ocrx_word' id='word_1_70' title='bbox 1232 910 1422 947; x_wconf 87' lang='lat' dir='ltr'>continuis</span> <span class='ocrx_word' id='word_1_71' title='bbox 1449 922 1533 948; x_wconf 91' lang='lat' dir='ltr'>uer-</span> 
     </span>
     <span class='ocr_line' id='line_1_13' title="bbox 138 973 1534 1023; baseline 0.002 -13"><span class='ocrx_word' id='word_1_72' title='bbox 138 973 242 1011; x_wconf 89' lang='lat' dir='ltr'>sibus</span> <span class='ocrx_word' id='word_1_73' title='bbox 263 973 315 1010; x_wconf 90' lang='lat' dir='ltr'>sic</span> <span class='ocrx_word' id='word_1_74' title='bbox 335 973 557 1010; x_wconf 87' lang='lat' dir='ltr'>iteratorum</span> <span class='ocrx_word' id='word_1_75' title='bbox 576 979 618 1010; x_wconf 89' lang='lat' dir='ltr'>ut</span> <span class='ocrx_word' id='word_1_76' title='bbox 638 973 676 1010; x_wconf 92' lang='lat' dir='ltr'>in</span> <span class='ocrx_word' id='word_1_77' title='bbox 697 973 822 1022; x_wconf 90' lang='lat' dir='ltr'>priore</span> <span class='ocrx_word' id='word_1_78' title='bbox 847 973 920 1010; x_wconf 86' lang='lat' dir='ltr'>alia</span> <span class='ocrx_word' id='word_1_79' title='bbox 941 974 1185 1022; x_wconf 85' lang='lat' dir='ltr'>praepositio,</span> <span class='ocrx_word' id='word_1_80' title='bbox 1200 974 1239 1011; x_wconf 93' lang='lat' dir='ltr'>in</span> <span class='ocrx_word' id='word_1_81' title='bbox 1256 982 1439 1023; x_wconf 88' lang='lat' dir='ltr'>sequente</span> <span class='ocrx_word' id='word_1_82' title='bbox 1460 976 1534 1014; x_wconf 85' lang='lat' dir='ltr'>alia</span> 
     </span>
     <span class='ocr_line' id='line_1_14' title="bbox 137 1037 1533 1091; baseline 0.003 -16"><span class='ocrx_word' id='word_1_83' title='bbox 137 1039 356 1088; x_wconf 86' lang='lat' dir='ltr'>reperiatur,</span> <span class='ocrx_word' id='word_1_84' title='bbox 387 1038 493 1076; x_wconf 90' lang='lat' dir='ltr'>uelut</span> <span class='ocrx_word' id='word_1_85' title='bbox 531 1039 571 1075; x_wconf 89' lang='lat' dir='ltr'>in</span> <span class='ocrx_word' id='word_1_86' title='bbox 613 1038 763 1076; x_wconf 85' lang='lat' dir='ltr'>Arateis</span> <span class='ocrx_word' id='word_1_87' title='bbox 803 1037 1025 1076; x_wconf 87' lang='lat' dir='ltr'>Germanici</span> <span class='ocrx_word' id='word_1_88' title='bbox 1066 1051 1154 1086; x_wconf 89' lang='lat'><em>204,</em></span> <span class='ocrx_word' id='word_1_89' title='bbox 1197 1050 1272 1088; x_wconf 88' lang='lat'>205</span> <span class='ocrx_word' id='word_1_90' title='bbox 1312 1040 1533 1091; x_wconf 85' lang='lat' dir='ltr'>Breysigius</span> 
     </span>
     <span class='ocr_line' id='line_1_15' title="bbox 135 1104 254 1142; baseline -0.008 0"><span class='ocrx_word' id='word_1_91' title='bbox 135 1104 254 1142; x_wconf 87' lang='lat' dir='ltr'>edidit</span> 
     </span>
    </p>

    <p class='ocr_par' dir='ltr' id='par_1_9' title="bbox 298 1168 1182 1218">
     <span class='ocr_line' id='line_1_16' title="bbox 298 1168 1182 1218; baseline 0.001 -12"><span class='ocrx_word' id='word_1_92' title='bbox 298 1169 421 1218; x_wconf 86' lang='lat' dir='ltr'>Ignea</span> <span class='ocrx_word' id='word_1_93' title='bbox 449 1169 651 1206; x_wconf 87' lang='lat' dir='ltr'>substricta</span> <span class='ocrx_word' id='word_1_94' title='bbox 680 1169 780 1207; x_wconf 89' lang='lat' dir='ltr'>lucet</span> <span class='ocrx_word' id='word_1_95' title='bbox 809 1181 886 1218; x_wconf 89' lang='lat' dir='ltr'>qua</span> <span class='ocrx_word' id='word_1_96' title='bbox 914 1168 1053 1206; x_wconf 85' lang='lat' dir='ltr'>zonula</span> <span class='ocrx_word' id='word_1_97' title='bbox 1081 1169 1182 1218; x_wconf 87' lang='lat' dir='ltr'>palla</span> 
     </span>
    </p>

    <p class='ocr_par' dir='ltr' id='par_1_10' title="bbox 295 1233 1332 1286">
     <span class='ocr_line' id='line_1_17' title="bbox 295 1233 1332 1286; baseline 0.003 -15"><span class='ocrx_word' id='word_1_98' title='bbox 295 1234 372 1272; x_wconf 88' lang='lat' dir='ltr'>Sed</span> <span class='ocrx_word' id='word_1_99' title='bbox 399 1246 549 1286; x_wconf 89' lang='lat' dir='ltr'>poenae</span> <span class='ocrx_word' id='word_1_100' title='bbox 577 1234 693 1272; x_wconf 89' lang='lat' dir='ltr'>facies</span> <span class='ocrx_word' id='word_1_101' title='bbox 723 1241 896 1272; x_wconf 84' lang='lat' dir='ltr'>remanet</span> <span class='ocrx_word' id='word_1_102' title='bbox 926 1233 1169 1285; x_wconf 87' lang='lat' dir='ltr'>districtaque</span> <span class='ocrx_word' id='word_1_103' title='bbox 1198 1236 1332 1285; x_wconf 90' lang='lat' dir='ltr'>pandit</span> 
     </span>
    </p>

    <p class='ocr_par' dir='ltr' id='par_1_11' title="bbox 129 1298 1532 1743">
     <span class='ocr_line' id='line_1_18' title="bbox 296 1298 495 1337; baseline 0.005 -1"><span class='ocrx_word' id='word_1_104' title='bbox 296 1298 495 1337; x_wconf 90' lang='lat' dir='ltr'>Bracchia.</span> 
     </span>
     <span class='ocr_line' id='line_1_19' title="bbox 132 1363 1532 1415; baseline 0.004 -14"><span class='ocrx_word' id='word_1_105' title='bbox 132 1363 289 1414; x_wconf 84' lang='lat' dir='ltr'>languet</span> <span class='ocrx_word' id='word_1_106' title='bbox 314 1364 404 1402; x_wconf 92' lang='lat' dir='ltr'>illud</span> <span class='ocrx_word' id='word_1_107' title='bbox 420 1366 564 1415; x_wconf 80' lang='lat' dir='ltr'>flexus,</span> <span class='ocrx_word' id='word_1_108' title='bbox 585 1366 776 1415; x_wconf 76' lang='lat' dir='ltr'>inflexam,</span> <span class='ocrx_word' id='word_1_109' title='bbox 807 1377 853 1402; x_wconf 88' lang='lat' dir='ltr'>ac</span> <span class='ocrx_word' id='word_1_110' title='bbox 879 1364 943 1401; x_wconf 85' lang='lat' dir='ltr'>uix</span> <span class='ocrx_word' id='word_1_111' title='bbox 973 1363 1227 1403; x_wconf 84' lang='lat' dir='ltr'>Manilianum</span> <span class='ocrx_word' id='word_1_112' title='bbox 1256 1367 1414 1405; x_wconf 89' lang='lat' dir='ltr'>uidetur.</span> <span class='ocrx_word' id='word_1_113' title='bbox 1472 1369 1532 1408; x_wconf 94' lang='lat' dir='ltr'>Ac</span> 
     </span>
     <span class='ocr_line' id='line_1_20' title="bbox 133 1430 1530 1482; baseline 0.004 -16"><span class='ocrx_word' id='word_1_114' title='bbox 133 1430 264 1468; x_wconf 91' lang='lat' dir='ltr'>nescio</span> <span class='ocrx_word' id='word_1_115' title='bbox 281 1442 331 1467; x_wconf 90' lang='lat' dir='ltr'>an</span> <span class='ocrx_word' id='word_1_116' title='bbox 350 1431 480 1467; x_wconf 90' lang='lat' dir='ltr'>errarit</span> <span class='ocrx_word' id='word_1_117' title='bbox 495 1430 674 1476; x_wconf 90' lang='lat' dir='ltr'>Iacobus,</span> <span class='ocrx_word' id='word_1_118' title='bbox 693 1431 758 1480; x_wconf 88' lang='lat' dir='ltr'>qui</span> <span class='ocrx_word' id='word_1_119' title='bbox 767 1431 901 1480; x_wconf 77' lang='lat' dir='ltr'>flexus</span> <span class='ocrx_word' id='word_1_120' title='bbox 920 1442 966 1467; x_wconf 87' lang='lat' dir='ltr'>ex</span> <span class='ocrx_word' id='word_1_121' title='bbox 987 1430 1102 1479; x_wconf 89' lang='lat' dir='ltr'>piscis</span> <span class='ocrx_word' id='word_1_122' title='bbox 1122 1438 1335 1477; x_wconf 75' lang='lat' dir='ltr'>curuatura,</span> <span class='ocrx_word' id='word_1_123' title='bbox 1353 1433 1391 1470; x_wconf 91' lang='lat' dir='ltr'>in</span> <span class='ocrx_word' id='word_1_124' title='bbox 1411 1445 1530 1482; x_wconf 85' lang='lat' dir='ltr'>quam</span> 
     </span>
     <span class='ocr_line' id='line_1_21' title="bbox 131 1494 1526 1546; baseline 0.002 -13"><span class='ocrx_word' id='word_1_125' title='bbox 131 1494 394 1544; x_wconf 89' lang='lat' dir='ltr'>Capricornus</span> <span class='ocrx_word' id='word_1_126' title='bbox 414 1495 561 1542; x_wconf 88' lang='lat' dir='ltr'>desinit,</span> <span class='ocrx_word' id='word_1_127' title='bbox 583 1502 741 1533; x_wconf 88' lang='lat' dir='ltr'>tueatur.</span> <span class='ocrx_word' id='word_1_128' title='bbox 794 1495 922 1533; x_wconf 90' lang='lat' dir='ltr'>Credo</span> <span class='ocrx_word' id='word_1_129' title='bbox 943 1495 1139 1544; x_wconf 85' lang='lat' dir='ltr'>scripsisse</span> <span class='ocrx_word' id='word_1_130' title='bbox 1162 1495 1363 1534; x_wconf 85' lang='lat' dir='ltr'>Manilium</span> <span class='ocrx_word' id='word_1_131' title='bbox 1372 1500 1526 1546; x_wconf 74' lang='lat' dir='ltr'>plexus,</span> 
     </span>
     <span class='ocr_line' id='line_1_22' title="bbox 131 1560 1527 1612; baseline 0.004 -15"><span class='ocrx_word' id='word_1_132' title='bbox 131 1572 222 1597; x_wconf 85' lang='lat' dir='ltr'>curn</span> <span class='ocrx_word' id='word_1_133' title='bbox 239 1560 497 1610; x_wconf 89' lang='lat' dir='ltr'>Capricornus</span> <span class='ocrx_word' id='word_1_134' title='bbox 517 1573 565 1599; x_wconf 85' lang='lat' dir='ltr'>ex</span> <span class='ocrx_word' id='word_1_135' title='bbox 586 1561 727 1610; x_wconf 89' lang='lat' dir='ltr'>duplici</span> <span class='ocrx_word' id='word_1_136' title='bbox 748 1568 881 1598; x_wconf 86' lang='lat' dir='ltr'>natura</span> <span class='ocrx_word' id='word_1_137' title='bbox 902 1561 1006 1609; x_wconf 87' lang='lat' dir='ltr'>capri</span> <span class='ocrx_word' id='word_1_138' title='bbox 1027 1568 1062 1597; x_wconf 90' lang='lat' dir='ltr'>et</span> <span class='ocrx_word' id='word_1_139' title='bbox 1079 1561 1192 1610; x_wconf 88' lang='lat' dir='ltr'>piscis</span> <span class='ocrx_word' id='word_1_140' title='bbox 1213 1564 1450 1612; x_wconf 88' lang='lat' dir='ltr'>compositus</span> <span class='ocrx_word' id='word_1_141' title='bbox 1470 1565 1527 1602; x_wconf 90' lang='lat' dir='ltr'>sit.</span> 
     </span>
     <span class='ocr_line' id='line_1_23' title="bbox 130 1624 1527 1677; baseline 0.004 -15"><span class='ocrx_word' id='word_1_142' title='bbox 130 1624 178 1662; x_wconf 91' lang='lat' dir='ltr'>In</span> <span class='ocrx_word' id='word_1_143' title='bbox 205 1624 403 1663; x_wconf 87' lang='lat' dir='ltr'>Ciceronis</span> <span class='ocrx_word' id='word_1_144' title='bbox 426 1626 575 1664; x_wconf 88' lang='lat' dir='ltr'>Arateis</span> <span class='ocrx_word' id='word_1_145' title='bbox 595 1632 697 1664; x_wconf 76' lang='lat' dir='ltr'>recte</span> <span class='ocrx_word' id='word_1_146' title='bbox 725 1625 939 1663; x_wconf 87' lang='lat' dir='ltr'>Lemairius</span> <span class='ocrx_word' id='word_1_147' title='bbox 966 1626 1142 1674; x_wconf 58' lang='lat' dir='ltr'>zbzplexus</span> <span class='ocrx_word' id='word_1_148' title='bbox 1172 1628 1330 1666; x_wconf 89' lang='lat' dir='ltr'>restituit</span> <span class='ocrx_word' id='word_1_149' title='bbox 1352 1641 1441 1677; x_wconf 86' lang='lat'>310,</span> <span class='ocrx_word' id='word_1_150' title='bbox 1462 1630 1527 1667; x_wconf 92' lang='lat' dir='ltr'>ubi</span> 
     </span>
     <span class='ocr_line' id='line_1_24' title="bbox 129 1690 1240 1743; baseline 0.003 -16"><span class='ocrx_word' id='word_1_151' title='bbox 129 1690 282 1728; x_wconf 86' lang='lat' dir='ltr'>codices</span> <span class='ocrx_word' id='word_1_152' title='bbox 302 1690 445 1729; x_wconf 89' lang='lat' dir='ltr'>habent</span> <span class='ocrx_word' id='word_1_153' title='bbox 463 1692 628 1739; x_wconf 62' lang='lat' dir='ltr'>zbzflexus</span> <span class='ocrx_word' id='word_1_154' title='bbox 648 1690 840 1743; x_wconf 73' lang='lat' dir='ltr'>(Bahrens</span> <span class='ocrx_word' id='word_1_155' title='bbox 862 1690 902 1729; x_wconf 90' lang='lat' dir='ltr'>P.</span> <span class='ocrx_word' id='word_1_156' title='bbox 917 1690 960 1728; x_wconf 89' lang='lat' dir='ltr'>L.</span> <span class='ocrx_word' id='word_1_157' title='bbox 979 1690 1034 1730; x_wconf 90' lang='lat' dir='ltr'>M.</span> <span class='ocrx_word' id='word_1_158' title='bbox 1055 1691 1078 1730; x_wconf 91' lang='lat' dir='ltr'>i.</span> <span class='ocrx_word' id='word_1_159' title='bbox 1098 1704 1136 1741; x_wconf 92' lang='lat' dir='ltr'>p.</span> <span class='ocrx_word' id='word_1_160' title='bbox 1159 1693 1240 1741; x_wconf 90' lang='lat'><strong>20).</strong></span> 
     </span>
    </p>

    <p class='ocr_par' dir='ltr' id='par_1_12' title="bbox 185 1755 1227 1870">
     <span class='ocr_line' id='line_1_25' title="bbox 185 1755 425 1805; baseline 0 -12"><span class='ocrx_word' id='word_1_161' title='bbox 185 1755 216 1794; x_wconf 93' lang='grc' dir='ltr'>Ι.</span> <span class='ocrx_word' id='word_1_162' title='bbox 240 1758 425 1805; x_wconf 82' lang='lat'><strong>275—278</strong></span> 
     </span>
     <span class='ocr_line' id='line_1_26' title="bbox 996 1822 1227 1870; baseline 0.004 -10"><span class='ocrx_word' id='word_1_163' title='bbox 996 1822 1046 1860; x_wconf 90' lang='lat' dir='ltr'>ad</span> <span class='ocrx_word' id='word_1_164' title='bbox 1075 1822 1227 1870; x_wconf 85' lang='lat' dir='ltr'>Arctos,</span> 
     </span>
    </p>

    <p class='ocr_par' dir='ltr' id='par_1_13' title="bbox 292 1886 1340 1938">
     <span class='ocr_line' id='line_1_27' title="bbox 292 1886 1340 1938; baseline 0.002 -12"><span class='ocrx_word' id='word_1_165' title='bbox 292 1886 437 1926; x_wconf 86' lang='lat' dir='ltr'>Omnia</span> <span class='ocrx_word' id='word_1_166' title='bbox 465 1900 566 1938; x_wconf 90' lang='lat' dir='ltr'>quae</span> <span class='ocrx_word' id='word_1_167' title='bbox 590 1900 743 1926; x_wconf 89' lang='lat' dir='ltr'>summo</span> <span class='ocrx_word' id='word_1_168' title='bbox 772 1887 998 1937; x_wconf 86' lang='lat' dir='ltr'>despectant</span> <span class='ocrx_word' id='word_1_169' title='bbox 1029 1888 1153 1926; x_wconf 89' lang='lat' dir='ltr'>sidera</span> <span class='ocrx_word' id='word_1_170' title='bbox 1181 1889 1340 1936; x_wconf 89' lang='lat' dir='ltr'>mundo,</span> 
     </span>
    </p>

    <p class='ocr_par' dir='ltr' id='par_1_14' title="bbox 292 1953 1316 2003">
     <span class='ocr_line' id='line_1_28' title="bbox 292 1953 1316 2003; baseline 0.002 -13"><span class='ocrx_word' id='word_1_171' title='bbox 292 1953 376 1991; x_wconf 90' lang='lat' dir='ltr'>Nec</span> <span class='ocrx_word' id='word_1_172' title='bbox 404 1960 544 1991; x_wconf 92' lang='lat' dir='ltr'>norunt</span> <span class='ocrx_word' id='word_1_173' title='bbox 573 1954 713 1998; x_wconf 89' lang='lat' dir='ltr'>obitus,</span> <span class='ocrx_word' id='word_1_174' title='bbox 743 1965 899 2003; x_wconf 90' lang='lat' dir='ltr'>unoque</span> <span class='ocrx_word' id='word_1_175' title='bbox 929 1953 968 1990; x_wconf 91' lang='lat' dir='ltr'>in</span> <span class='ocrx_word' id='word_1_176' title='bbox 997 1953 1138 1991; x_wconf 90' lang='lat' dir='ltr'>uertice</span> <span class='ocrx_word' id='word_1_177' title='bbox 1168 1960 1316 1992; x_wconf 88' lang='lat' dir='ltr'>tantum</span> 
     </span>
    </p>

    <p class='ocr_par' dir='ltr' id='par_1_15' title="bbox 290 2017 1313 2069">
     <span class='ocr_line' id='line_1_29' title="bbox 290 2017 1313 2069; baseline 0.004 -14"><span class='ocrx_word' id='word_1_178' title='bbox 290 2017 337 2055; x_wconf 90' lang='lat' dir='ltr'>In</span> <span class='ocrx_word' id='word_1_179' title='bbox 366 2018 517 2057; x_wconf 88' lang='lat' dir='ltr'>diuersa</span> <span class='ocrx_word' id='word_1_180' title='bbox 545 2019 617 2057; x_wconf 90' lang='lat' dir='ltr'>situ</span> <span class='ocrx_word' id='word_1_181' title='bbox 646 2019 873 2067; x_wconf 86' lang='lat' dir='ltr'>caelumque</span> <span class='ocrx_word' id='word_1_182' title='bbox 902 2025 939 2055; x_wconf 91' lang='lat' dir='ltr'>et</span> <span class='ocrx_word' id='word_1_183' title='bbox 969 2018 1094 2056; x_wconf 89' lang='lat' dir='ltr'>sidera</span> <span class='ocrx_word' id='word_1_184' title='bbox 1123 2025 1313 2069; x_wconf 90' lang='lat' dir='ltr'>torquent.</span> 
     </span>
    </p>

    <p class='ocr_par' dir='ltr' id='par_1_16' title="bbox 125 2081 1524 2580">
     <span class='ocr_line' id='line_1_30' title="bbox 181 2081 1524 2133; baseline 0.004 -14"><span class='ocrx_word' id='word_1_185' title='bbox 181 2081 268 2120; x_wconf 75' lang='lat' dir='ltr'><em>Situ</em></span> <span class='ocrx_word' id='word_1_186' title='bbox 300 2083 411 2121; x_wconf 92' lang='lat' dir='ltr'>codd.</span> <span class='ocrx_word' id='word_1_187' title='bbox 442 2096 589 2130; x_wconf 92' lang='lat' dir='ltr'>omnes,</span> <span class='ocrx_word' id='word_1_188' title='bbox 618 2085 684 2121; x_wconf 82' lang='lat' dir='ltr'>uix</span> <span class='ocrx_word' id='word_1_189' title='bbox 713 2090 844 2122; x_wconf 86' lang='lat' dir='ltr'>tamen</span> <span class='ocrx_word' id='word_1_190' title='bbox 877 2089 988 2130; x_wconf 87' lang='lat' dir='ltr'>recte,</span> <span class='ocrx_word' id='word_1_191' title='bbox 1019 2084 1088 2121; x_wconf 84' lang='lat' dir='ltr'>etsi</span> <span class='ocrx_word' id='word_1_192' title='bbox 1117 2091 1265 2133; x_wconf 91' lang='lat' dir='ltr'>poterat</span> <span class='ocrx_word' id='word_1_193' title='bbox 1297 2085 1346 2124; x_wconf 89' lang='lat' dir='ltr'>ad</span> <span class='ocrx_word' id='word_1_194' title='bbox 1375 2087 1524 2125; x_wconf 71' lang='lat' dir='ltr'>diuersa</span> 
     </span>
     <span class='ocr_line' id='line_1_31' title="bbox 127 2143 1522 2201; baseline 0.004 -17"><span class='ocrx_word' id='word_1_195' title='bbox 127 2143 266 2194; x_wconf 85' lang='lat' dir='ltr'>referri,</span> <span class='ocrx_word' id='word_1_196' title='bbox 295 2155 337 2186; x_wconf 92' lang='lat' dir='ltr'>ut</span> <span class='ocrx_word' id='word_1_197' title='bbox 364 2161 435 2198; x_wconf 88' lang='lat' dir='ltr'>per</span> <span class='ocrx_word' id='word_1_198' title='bbox 463 2151 503 2186; x_wconf 87' lang='lat' dir='ltr'>z‘n</span> <span class='ocrx_word' id='word_1_199' title='bbox 530 2151 606 2187; x_wconf 80' lang='lat' dir='ltr'>situ</span> <span class='ocrx_word' id='word_1_200' title='bbox 634 2151 781 2187; x_wconf 78' lang='lat' dir='ltr'>diuersa</span> <span class='ocrx_word' id='word_1_201' title='bbox 811 2149 1089 2198; x_wconf 84' lang='lat' dir='ltr'>significaretur</span> <span class='ocrx_word' id='word_1_202' title='bbox 1117 2150 1156 2186; x_wconf 91' lang='lat' dir='ltr'>in</span> <span class='ocrx_word' id='word_1_203' title='bbox 1186 2150 1356 2189; x_wconf 89' lang='lat' dir='ltr'>diuersas</span> <span class='ocrx_word' id='word_1_204' title='bbox 1385 2160 1522 2201; x_wconf 90' lang='lat' dir='ltr'>partes.</span> 
     </span>
     <span class='ocr_line' id='line_1_32' title="bbox 127 2212 1522 2264; baseline 0.004 -14"><span class='ocrx_word' id='word_1_205' title='bbox 127 2212 220 2251; x_wconf 93' lang='lat' dir='ltr'>Non</span> <span class='ocrx_word' id='word_1_206' title='bbox 252 2214 367 2252; x_wconf 92' lang='lat' dir='ltr'>credo</span> <span class='ocrx_word' id='word_1_207' title='bbox 403 2213 609 2253; x_wconf 89' lang='lat' dir='ltr'>Manilium</span> <span class='ocrx_word' id='word_1_208' title='bbox 642 2221 721 2253; x_wconf 89' lang='lat' dir='ltr'>tam</span> <span class='ocrx_word' id='word_1_209' title='bbox 756 2214 948 2264; x_wconf 83' lang='lat' dir='ltr'>expressis</span> <span class='ocrx_word' id='word_1_210' title='bbox 981 2214 1109 2252; x_wconf 88' lang='lat' dir='ltr'>uerbis</span> <span class='ocrx_word' id='word_1_211' title='bbox 1147 2222 1225 2252; x_wconf 89' lang='lat' dir='ltr'>tam</span> <span class='ocrx_word' id='word_1_212' title='bbox 1264 2217 1356 2254; x_wconf 89' lang='lat' dir='ltr'>nihil</span> <span class='ocrx_word' id='word_1_213' title='bbox 1395 2217 1522 2255; x_wconf 90' lang='lat' dir='ltr'>decla-</span> 
     </span>
     <span class='ocr_line' id='line_1_33' title="bbox 126 2278 1523 2330; baseline 0.004 -15"><span class='ocrx_word' id='word_1_214' title='bbox 126 2290 240 2323; x_wconf 89' lang='lat' dir='ltr'>rasse,</span> <span class='ocrx_word' id='word_1_215' title='bbox 279 2278 563 2330; x_wconf 87' lang='lat' dir='ltr'>legendumque</span> <span class='ocrx_word' id='word_1_216' title='bbox 602 2287 697 2330; x_wconf 92' lang='lat' dir='ltr'>puto</span> <span class='ocrx_word' id='word_1_217' title='bbox 734 2283 839 2327; x_wconf 54' lang='lat' dir='ltr'>silla,</span> <span class='ocrx_word' id='word_1_218' title='bbox 881 2284 956 2317; x_wconf 92' lang='lat' dir='ltr'>‘on</span> <span class='ocrx_word' id='word_1_219' title='bbox 995 2280 1173 2328; x_wconf 89' lang='lat' dir='ltr'>opposite</span> <span class='ocrx_word' id='word_1_220' title='bbox 1212 2281 1311 2320; x_wconf 89' lang='lat' dir='ltr'>sides</span> <span class='ocrx_word' id='word_1_221' title='bbox 1349 2282 1394 2319; x_wconf 93' lang='lat' dir='ltr'>of</span> <span class='ocrx_word' id='word_1_222' title='bbox 1426 2283 1523 2320; x_wconf 90' lang='lat' dir='ltr'>their</span> 
     </span>
     <span class='ocr_line' id='line_1_34' title="bbox 125 2343 1520 2394; baseline 0.004 -14"><span class='ocrx_word' id='word_1_223' title='bbox 125 2343 319 2392; x_wconf 86' lang='lat' dir='ltr'>position.&#39;</span> <span class='ocrx_word' id='word_1_224' title='bbox 377 2344 562 2394; x_wconf 85' lang='lat' dir='ltr'>Respexit</span> <span class='ocrx_word' id='word_1_225' title='bbox 591 2346 767 2384; x_wconf 90' lang='lat' dir='ltr'>uidelicet</span> <span class='ocrx_word' id='word_1_226' title='bbox 802 2346 898 2383; x_wconf 91' lang='lat' dir='ltr'>duas</span> <span class='ocrx_word' id='word_1_227' title='bbox 934 2345 1087 2390; x_wconf 81' lang='lat' dir='ltr'>Arctos,</span> <span class='ocrx_word' id='word_1_228' title='bbox 1117 2357 1217 2394; x_wconf 90' lang='lat' dir='ltr'>quae</span> <span class='ocrx_word' id='word_1_229' title='bbox 1251 2348 1290 2384; x_wconf 92' lang='lat' dir='ltr'>in</span> <span class='ocrx_word' id='word_1_230' title='bbox 1325 2347 1432 2385; x_wconf 91' lang='lat' dir='ltr'>caelo</span> <span class='ocrx_word' id='word_1_231' title='bbox 1466 2348 1520 2385; x_wconf 88' lang='lat' dir='ltr'>sic</span> 
     </span>
     <span class='ocr_line' id='line_1_35' title="bbox 126 2408 1519 2461; baseline 0.004 -16"><span class='ocrx_word' id='word_1_232' title='bbox 126 2414 214 2445; x_wconf 89' lang='lat' dir='ltr'>sunt</span> <span class='ocrx_word' id='word_1_233' title='bbox 234 2408 382 2447; x_wconf 89' lang='lat' dir='ltr'>locatae</span> <span class='ocrx_word' id='word_1_234' title='bbox 402 2417 443 2448; x_wconf 90' lang='lat' dir='ltr'>ut</span> <span class='ocrx_word' id='word_1_235' title='bbox 463 2411 492 2448; x_wconf 90' lang='lat' dir='ltr'>si</span> <span class='ocrx_word' id='word_1_236' title='bbox 513 2411 671 2449; x_wconf 89' lang='lat' dir='ltr'>alteram</span> <span class='ocrx_word' id='word_1_237' title='bbox 692 2418 853 2461; x_wconf 88' lang='lat' dir='ltr'>spectes,</span> <span class='ocrx_word' id='word_1_238' title='bbox 867 2410 986 2447; x_wconf 85' lang='lat' dir='ltr'>altera</span> <span class='ocrx_word' id='word_1_239' title='bbox 1006 2412 1198 2448; x_wconf 87' lang='lat' dir='ltr'>contraria</span> <span class='ocrx_word' id='word_1_240' title='bbox 1217 2413 1346 2450; x_wconf 89' lang='lat' dir='ltr'>omnia</span> <span class='ocrx_word' id='word_1_241' title='bbox 1362 2413 1519 2451; x_wconf 87' lang='lat' dir='ltr'>habeat:</span> 
     </span>
     <span class='ocr_line' id='line_1_36' title="bbox 125 2473 1519 2529; baseline 0.005 -19"><span class='ocrx_word' id='word_1_242' title='bbox 125 2473 285 2512; x_wconf 89' lang='lat' dir='ltr'>inuersis</span> <span class='ocrx_word' id='word_1_243' title='bbox 319 2481 453 2514; x_wconf 89' lang='lat' dir='ltr'>mutuo</span> <span class='ocrx_word' id='word_1_244' title='bbox 485 2478 724 2527; x_wconf 90' lang='lat' dir='ltr'>corporibus,</span> <span class='ocrx_word' id='word_1_245' title='bbox 753 2484 794 2515; x_wconf 93' lang='lat' dir='ltr'>ut</span> <span class='ocrx_word' id='word_1_246' title='bbox 828 2483 988 2525; x_wconf 82' lang='lat' dir='ltr'>utraque</span> <span class='ocrx_word' id='word_1_247' title='bbox 1025 2476 1189 2515; x_wconf 87' lang='lat' dir='ltr'>caudam</span> <span class='ocrx_word' id='word_1_248' title='bbox 1224 2477 1377 2516; x_wconf 84' lang='lat' dir='ltr'>alterius</span> <span class='ocrx_word' id='word_1_249' title='bbox 1411 2480 1519 2529; x_wconf 90' lang='lat' dir='ltr'>sequi</span> 
     </span>
     <span class='ocr_line' id='line_1_37' title="bbox 126 2538 309 2580; baseline 0.016 -5"><span class='ocrx_word' id='word_1_250' title='bbox 126 2538 309 2580; x_wconf 84' lang='lat' dir='ltr'>uideatur.</span> 
     </span>
    </p>
   </div>
  </div>
 </body>
</html>
