1786 2878
213 140 293 178 140
629 135 824 168 NOCTES
851 136 1181 169 MANJLJANAE

208 241 431 288 Vergiliano
464 241 560 280 Aen.
585 242 632 279 xi.
661 244 709 290 67
747 242 825 279 Hic
854 243 1016 280 iuuenem
1049 245 1193 291 agresti
1215 243 1399 281 sublimem
1425 245 1602 293 gramine

200 311 346 355 jmnunl
368 308 517 353 Qualem
535 308 702 356 usae‘gt’nca
717 308 909 345 demessum
922 310 1053 358 pollice
1060 310 1207 359 florem.
1238 308 1314 347 Sed
1330 316 1459 347 tamen
1476 311 1600 347 lt'llara

209 371 413 410 Manilium
436 379 490 410 ter
515 373 711 422 scripsisse
733 374 823 422 637,
845 375 935 422 639,
957 375 1033 422 643
1055 375 1118 411 uix
1140 374 1278 420 credo;
1309 374 1413 424 quod
1441 387 1530 412 cum
1561 376 1599 412 in

209 439 299 485 639,
330 440 408 486 643
441 446 541 476 recte
572 438 747 476 uideatur
777 438 972 484 traditum,
1004 439 1101 476 falso
1130 439 1230 477 idem
1266 440 1303 477 in
1334 442 1410 488 637
1441 440 1598 478 inlatum

206 509 275 540 est.
334 502 473 540 Fuerat
494 503 649 541 sortasse
679 503 906 542 indicatiuus
927 505 1029 542 uelut
1048 504 1182 542 illst-or
1197 518 1210 541 .·
1237 517 1314 554 quo
1334 513 1502 555 recepto,
1522 507 1600 543 sola

206 571 326 604 lamen
364 568 403 604 in
440 569 518 605 sola
551 573 585 605 el
620 573 762 606 saulum
797 575 918 616 muto,
955 582 1043 607 cum
1082 577 1285 620 utrumque
1318 570 1455 609 eodem
1493 583 1600 609 com-

207 633 351 682 pendio
384 637 424 670 ίῆ
463 634 668 683 significari
707 635 882 684 potuerit.
939 635 1084 685 Ecquis
1119 648 1198 673 non
1243 636 1415 685 intelligit
1457 636 1600 686 optime

206 698 260 736 sic
295 698 392 736 inter
423 710 462 736 se
493 699 698 737 cohaerere
736 700 813 737 sola
851 706 886 738 et
925 705 1066 738 lantum
1095 703 1312 750 emergentia
1343 706 1466 751 ponto,
1508 701 1600 739 illud

207 775 296 800 cum
321 765 544 814 superficiem
570 772 717 803 tantum
742 772 874 813 terrae,
895 765 970 804 hoc
995 767 1060 803 uix
1088 779 1201 816 supra
1231 779 1336 804 mare
1366 770 1599 805 eminentem

207 829 429 878 significarit
444 830 458 867 ?

262 892 442 940 Aequalis
478 892 641 940 cyclades
678 903 767 930 cum
808 892 995 931 Stoebero
1032 894 1260 944 interpretor
1307 894 1514 944 aequaliter
1559 895 1599 932 in

206 956 370 1004 figuram
393 957 598 995 ordinatas.
657 958 718 995 Sic
739 958 841 995 enim
862 958 910 996 de
930 959 985 996 eis
1011 959 1148 1009 Scylax
1174 959 1287 997 refert
1316 960 1353 996 in
1375 960 1527 1010 Periplo
1549 974 1599 1009 49

207 1024 379 1059 Κυκλάδες
398 1024 434 1058 δέ
454 1022 524 1059 αἵδε
545 1024 613 1059 εἶσὶ
633 1025 715 1059 κατὰ
730 1025 789 1069 τὴν
805 1025 1063 1069 Λακεδαιμονίαν
1078 1028 1193 1072 χώραν
1209 1026 1396 1071 οἰκούμεναι
1413 1029 1532 1071 Μῆλος
1547 1029 1599 1062 καὶ

205 1088 315 1134 λιμήν,
337 1090 418 1124 κατὰ
442 1090 478 1124 δέ
498 1088 620 1134 ταύτην
641 1089 809 1133 Κίμωλος,
830 1091 912 1125 κατὰ
933 1091 969 1125 δὲ
988 1090 1110 1136 ταύτην
1129 1091 1299 1138 Ὠλίαρος,
1319 1093 1401 1127 κατὰ
1421 1093 1457 1128 δέ
1477 1092 1600 1137 ταύτην

206 1155 344 1199 Simuos,
365 1153 448 1198 αὕτη
476 1154 495 1199 ἡ
527 1153 595 1206 (mi
614 1154 703 1191 add.
719 1153 850 1205 VOSS.)
869 1158 979 1201 πόλις,
1010 1157 1091 1191 κατὰ
1120 1157 1157 1191 δὲ
1176 1156 1299 1202 ταύτην
1328 1157 1431 1204 Θήρα,
1451 1159 1533 1193 κατὰ
1562 1159 1599 1193 δέ

205 1219 328 1263 ταύτην
360 1218 502 1266 Ἀνάφη,
543 1221 624 1255 κατὰ
663 1222 699 1255 δέ
738 1220 861 1266 ταύτην
892 1221 1104 1264 Ἀστυπάλη.
1162 1220 1274 1259 Mart.
1309 1221 1404 1272 Cap.
1439 1223 1484 1260 Vi.
1520 1223 1600 1260 660

209 1283 385 1332 Cyclades
406 1297 496 1333 quae
515 1286 664 1321 nomina
684 1299 706 1321 a
727 1286 910 1322 circulata
930 1287 1158 1324 ordinatione
1176 1289 1335 1325 sortitae.

260 1361 321 1387 uu.
343 1350 432 1398 639,
456 1351 534 1396 640
559 1350 612 1387 sic
633 1350 857 1388 scribendos
878 1363 1019 1389 censeo
1046 1352 1099 1390 uti
1120 1363 1188 1389 eos
1207 1353 1357 1402 scripsit
1378 1352 1588 1402 Pingraeus

799 1417 1044 1467 primumque
1073 1418 1248 1456 intrantis
1276 1418 1315 1456 in
1344 1419 1479 1456 orbem

370 1480 519 1519 Oceani
548 1481 745 1518 uictricem
774 1481 951 1519 Ebusum
981 1489 1018 1520 et
1047 1482 1243 1521 Balearica
1271 1495 1370 1529 rura,

205 1546 242 1583 h.
263 1558 294 1583 e.
325 1545 502 1583 Ebusum
533 1558 570 1584 u.
601 1546 747 1584 Oceani
776 1547 942 1596 primum
972 1548 1144 1585 intrantis
1173 1548 1211 1585 in
1241 1549 1388 1595 orbern,
1421 1549 1501 1587 siue
1533 1550 1598 1586 ubi

206 1611 371 1660 primum
392 1611 505 1649 intrat
521 1611 708 1660 penitiora
723 1613 839 1650 maris
857 1611 1139 1651 Mediterranei.
1180 1613 1282 1651 Nam
1298 1615 1347 1651 ab
1367 1614 1490 1652 insula
1509 1615 1598 1652 inde

205 1676 339 1714 Ebuso
369 1677 478 1714 litora
507 1677 720 1726 Hispaniae
741 1685 777 1715 et
797 1678 945 1716 Galliae
969 1679 1152 1717 recedunt
1176 1687 1212 1717 et
1236 1680 1274 1716 in
1301 1681 1436 1717 orbern
1465 1692 1599 1730 quem-

206 1743 295 1779 dam
324 1749 549 1787 curuantur;
589 1742 779 1792 habetque
808 1743 902 1781 haec
932 1756 1020 1793 pars
1049 1744 1165 1782 maris
1194 1745 1359 1793 speciem
1389 1746 1597 1794 quamdam

206 1807 347 1845 circuli.
404 1806 517 1853 Quae
538 1807 660 1845 insula
679 1807 832 1845 Ebusus
858 1820 947 1846 cum
974 1809 1097 1858 prima
1125 1810 1290 1848 emineat
1320 1823 1365 1848 ex
1397 1811 1598 1859 superficie

205 1873 407 1919 undarum,
424 1885 447 1910 a
463 1872 626 1910 Manilio
646 1873 779 1910 dicitur
795 1874 941 1926 uictrix
961 1874 1124 1913 Oceani.-
1146 1888 1236 1913 nam
1257 1884 1346 1914 ante
1367 1889 1452 1914 eam
1473 1884 1597 1915 cetera

205 1940 387 1976 Oceanus
407 1938 626 1984 uindicauit,
649 1938 860 1989 obruitque.
907 1939 970 1978 Sic
991 1941 1107 1978 uerba
1128 1943 1313 1979 uz'clrz‘cem
1339 1943 1479 1979 Oceani
1494 1951 1597 1980 recte

206 2005 473 2053 interpretatus
494 2012 551 2041 est
574 2004 790 2041 Stoeberus.

367 2069 541 2106 Aduersa
570 2068 766 2107 Euboicos
796 2070 953 2108 miratur
983 2071 1148 2109 Graecia
1176 2079 1341 2118 montes,

368 2134 416 2172 Et
445 2135 605 2182 genitrix
636 2134 749 2173 Crete
778 2136 902 2173 ciuem
933 2137 1065 2175 sortita
1094 2137 1330 2184 Tonantem,

366 2199 598 2249 Aegyptique
627 2199 779 2249 Cypros
808 2201 980 2251 pulsatur
1009 2202 1185 2240 fiuctibus
1214 2203 1350 2240 omnis.

367 2264 523 2314 Totque
553 2265 703 2303 minora
731 2266 812 2304 sola
840 2272 873 2304 cl
899 2273 1039 2304 tantum
1069 2268 1302 2317 emergentia
1330 2275 1450 2317 ponto

367 2330 507 2376 ,Μὴ-οῖ,
536 2338 573 2368 et
601 2332 770 2381 aequalis
800 2332 997 2381 Cyclades,
1028 2333 1231 2383 Delonque
1256 2333 1513 2383 Rhodonque,

367 2396 585 2445 Aulidaque
615 2404 652 2434 et
681 2396 897 2444 Tenedum,
923 2399 1125 2448 uicinaque
1156 2398 1313 2437 Corsica
1341 2400 1446 2437 terris

368 2461 497 2498 Litora
528 2461 734 2509 Sardiniae,
764 2464 1005 2513 primumque
1035 2464 1208 2502 intrantis
1238 2464 1275 2501 in
1305 2466 1434 2502 orbem

370 2527 516 2565 Oceani
546 2528 741 2566 uictricem
772 2528 945 2567 Ebusum
976 2536 1012 2567 et
1042 2529 1235 2568 Balearica
1264 2541 1361 2567 rura.
