1786 2878
833 148 865 180 V
1472 150 1551 192 207

156 256 367 307 profectam
395 267 417 293 a
438 253 613 301 Manilio,
635 254 716 292 siue
743 253 902 301 incuria,
934 255 1015 293 siue
1042 253 1147 305 quod
1174 254 1428 304 inperfectum
1454 266 1553 304 opus

156 322 357 372 reliquerit.

211 388 258 425 V.
285 387 467 435 659—661
493 386 545 424 sic
565 391 697 423 extant
718 385 756 422 in
778 385 932 423 Gembl.

320 453 411 490 Hoc
441 452 552 489 trahit
580 452 619 488 in
649 451 774 500 pelagi
805 451 916 489 cedes
947 457 984 489 et
1012 451 1174 490 uulnera
1202 458 1316 490 notos

321 517 560 567 Squamigeri
589 517 739 566 gregis:
780 517 943 554 extentis
973 517 1150 567 laqueare
1181 517 1416 566 profundum

319 583 482 620 Retibus
511 589 548 620 et
578 589 740 632 pontum
769 583 904 620 uinclis
934 586 1116 623 †armare
1146 583 1345 621 furentem.

211 651 288 697 659
311 656 423 686 natos
443 649 463 685 b
483 647 774 685 Bonz'nconlrz'us
795 656 908 686 notos
929 653 1004 686 cell.
1049 651 1122 686 661
1143 661 1292 687 armare
1312 650 1410 687 codd.
1434 662 1553 687 omncs

154 714 343 751 furentem
363 715 468 762 Lips.
495 712 608 750 Voss.2
627 720 852 762 sequentem
884 712 993 751 Voss}
1018 714 1105 751 Cus.
1126 727 1145 751 0
1192 714 1299 753 Fert.
1320 714 1485 752 hamare.

211 780 376 816 Huetius
396 792 547 815 armare
566 783 760 827 sequentem
783 779 834 816 sic
862 779 1129 828 interpretatus
1156 786 1224 817 est.
1281 784 1289 799 ‘
1306 780 1407 818 Cum
1427 781 1551 831 pisca-

155 852 258 882 tores
287 852 364 882 rete
394 844 557 889 trahunt,
583 844 816 893 praecedunt
846 844 929 893 ipsi,
953 852 1030 882 rete
1060 845 1240 895 sequitur.
1297 846 1418 895 Igitur
1445 860 1552 885 mare

154 910 213 947 his
240 910 402 947 uinculis
427 916 483 947 est
507 909 611 947 uelut
640 916 829 947 armatum
859 910 907 946 ad
938 910 1101 959 piscium
1130 918 1353 960 capturam:
1385 925 1551 962 sequens

154 982 279 1012 autem
309 974 519 1024 appellatur
548 975 619 1010 καθ’
648 975 860 1022 ὑπαλλαγὴν,
888 981 928 1012 ut
958 976 1146 1024 intelligas
1175 976 1290 1024 retia;
1320 978 1392 1015 nisi
1423 979 1551 1016 dicere

154 1041 266 1078 malis
297 1052 463 1089 sequens
493 1040 580 1087 dici,
610 1040 715 1089 quod
744 1052 832 1089 pars
862 1053 908 1078 ea
938 1041 1064 1088 maris,
1097 1054 1196 1091 quae
1226 1050 1373 1080 armata
1403 1050 1472 1091 est,
1504 1045 1550 1081 sit

154 1118 258 1155 pone
295 1102 524 1155 piscatores.'
583 1105 704 1142 Aliter
738 1105 964 1143 Gronouius
998 1106 1047 1143 ad
1081 1106 1202 1145 Plaut.
1233 1107 1335 1146 Pers.
1365 1109 1386 1146 i.
1420 1123 1452 1146 2.
1488 1122 1552 1159 22,

145 1176 299 1220 pontum
321 1184 473 1208 armare
493 1171 546 1208 sic
574 1171 773 1220 explicans
794 1172 960 1209 ‘retibus
986 1173 1152 1210 inductis
1179 1173 1358 1211 infestum
1385 1181 1549 1224 pontum

154 1236 313 1274 reddere
334 1236 523 1286 piscibus.’
580 1236 832 1274 Artificiosius
861 1244 1042 1286 uterque3
1072 1245 1275 1289 potestque
1302 1252 1437 1277 uerum
1464 1254 1549 1280 esse

153 1307 284 1339 artare
304 1302 408 1352 quod
429 1302 530 1340 coni.
554 1301 732 1351 Scaliger,
755 1310 980 1352 receperunt
1000 1303 1198 1342 Bentleius
1226 1304 1483 1345 Marklandus
1511 1314 1549 1345 et

156 1368 336 1412 Iacobus,
353 1367 464 1404 simul
484 1374 524 1404 ut
530 1367 722 1417 farensem
740 1368 984 1417 praeferrent.
1022 1369 1074 1406 At
1089 1370 1215 1407 nullus
1230 1370 1291 1409 hic
1308 1371 1416 1410 locus
1431 1372 1549 1411 furori

155 1433 282 1478 maris,
306 1444 423 1482 quem
451 1444 500 1469 ne
530 1433 672 1470 retibus
703 1433 859 1483 quidem
890 1434 1025 1472 inclusi
1054 1435 1129 1473 loci
1156 1436 1385 1485 prohibent;
1419 1439 1548 1488 itaque

154 1498 326 1548 praefero
357 1502 573 1546 sequentem.-
600 1505 742 1548 pontus
771 1500 873 1537 enim
903 1501 1047 1538 catenis
1076 1502 1180 1539 unde
1210 1503 1303 1541 retia
1329 1503 1549 1553 dependent

154 1563 443 1610 circumclusus,
479 1564 650 1614 sequitur
689 1565 742 1602 sic
774 1565 982 1612 cludentes,
1020 1578 1136 1616 seque
1175 1568 1274 1606 intra
1312 1570 1476 1618 spatium
1510 1570 1549 1607 id

156 1628 325 1667 cohiberi
346 1629 497 1678 patitur.
555 1629 644 1667 Hae
671 1637 828 1668 catenae
851 1632 930 1668 siue
951 1634 1076 1670 uincla
1097 1633 1222 1671 hamis
1240 1635 1301 1672 uel
1322 1636 1432 1672 uncis
1452 1636 1550 1673 inter

154 1707 195 1732 se
224 1707 396 1732 conexae
426 1701 630 1744 propterea
664 1703 826 1744 pontum
860 1698 1014 1735 hamare
1047 1699 1224 1737 dicuntur
1255 1704 1316 1739 ‘to
1350 1701 1430 1739 link
1459 1702 1548 1740 with

154 1760 288 1797 chains
308 1760 371 1798 the
392 1760 576 1797 obedient
596 1759 684 1799 sea?

207 1824 256 1864 V.
280 1827 370 1870 668,
394 1826 470 1874 669
493 1825 548 1863 sic
568 1832 699 1864 extant
719 1827 757 1864 in
778 1827 934 1867 Gembl.

314 1891 500 1935 †Totum
531 1904 620 1929 cum
650 1899 731 1931 toto
761 1894 958 1933 iacuerunt
987 1896 1095 1935 litore
1124 1898 1292 1947 praedae

315 1956 446 1994 Altera
474 1957 514 1994 fit
544 1958 673 1996 caedis
702 1960 849 1997 caedes.

209 2022 285 2058 668
325 2021 474 2060 Totum
504 2023 674 2072 plerique
711 2025 860 2063 Totum
899 2039 1055 2077 quoque
1097 2028 1212 2066 {⁷055ss
1248 2028 1354 2067 Tum
1392 2042 1549 2080 quoque

152 2085 273 2124 Benll.
332 2089 408 2136 669
446 2089 493 2126 sit
525 2088 614 2127 Cus.
644 2090 747 2129 cedis
786 2092 920 2130 scedes
959 2093 1072 2131 Voss.²
1101 2095 1209 2132 caedi
1244 2095 1381 2133 caedes
1409 2097 1547 2146 chgz'o-

153 2156 358 2190 montanus.

209 2217 336 2256 Credo
366 2219 562 2269 scripsisse
592 2219 798 2258 Manilium
823 2222 958 2260 Altera
977 2225 1034 2274 fil
1059 2227 1164 2262 caedi
1184 2228 1315 2273 caedes,
1347 2227 1382 2264 h.
1398 2239 1429 2265 e.
1459 2234 1548 2277 post

153 2282 311 2321 caedem
345 2283 463 2322 altera
496 2285 634 2323 caedes
668 2286 777 2324 huius
812 2289 920 2337 quasi
949 2291 1142 2339 appendix
1173 2291 1224 2329 fit.
1283 2292 1456 2331 Graecus
1484 2294 1547 2331 hic

153 2359 246 2385 usus
267 2348 384 2387 datiui
407 2349 525 2400 Soph.
542 2351 590 2390 O.
609 2351 659 2388 T.
679 2361 751 2401 174
773 2354 881 2389 ἄλλον
899 2355 928 2391 δ’
948 2356 989 2390 ἂν
1006 2357 1104 2405 ἄλλῳ
1122 2360 1312 2404 προσίδοις.
1368 2358 1457 2396 Eur.
1479 2359 1546 2397 Or.

160 2425 173 2449 1
186 2423 257 2461 237
273 2416 407 2460 πήματα
421 2416 572 2462 πήμασιν
587 2417 717 2465 ἐξεύρῃ.
757 2417 902 2456 Phoen.
916 2423 1015 2469 1496
1034 2423 1130 2472 φόνῳ
1146 2425 1252 2469 φόνος
1266 2425 1430 2460 Οἰδιπόδα
1445 2426 1549 2470 δόμον

154 2479 275 2516 ὤλεσε.
333 2480 431 2518 Vide
456 2482 632 2519 Iebbium
663 2483 709 2520 de
741 2483 796 2521 his
823 2485 1071 2524 disserentem
1099 2488 1147 2524 ad
1169 2488 1216 2525 O.
1240 2488 1288 2525 T.
1315 2497 1400 2536 174.
1455 2489 1546 2539 Epi-

153 2557 329 2592 gramma
350 2559 410 2596 ap.
435 2547 661 2586 Cramerurn
682 2549 829 2587 Anecd.
852 2550 979 2589 Oxon.
1000 2552 1045 2590 iv.
1065 2555 1140 2600 386
1163 2552 1352 2603 (Meinek.
1371 2554 1547 2593 Analect.
