<?xml version="1.0" encoding="UTF-8"?>
<!DOCTYPE html PUBLIC "-//W3C//DTD XHTML 1.0 Transitional//EN"
    "http://www.w3.org/TR/xhtml1/DTD/xhtml1-transitional.dtd">
<html xmlns="http://www.w3.org/1999/xhtml" xml:lang="en" lang="en">
 <head>
  <title>
</title>
<meta http-equiv="Content-Type" content="text/html;charset=utf-8" />
  <meta name='ocr-system' content='tesseract 3.04.00' />
  <meta name='ocr-capabilities' content='ocr_page ocr_carea ocr_par ocr_line ocrx_word'/>
</head>
<body>
  <div class='ocr_page' id='page_1' title='image "./noctesmanilianae00elliuoft_0065.png"; bbox 0 0 1786 2878; ppageno 0'>
   <div class='ocr_carea' id='block_1_1' title="bbox 761 149 1480 195">
    <p class='ocr_par' dir='ltr' id='par_1_1' title="bbox 761 149 1480 195">
     <span class='ocr_line' id='line_1_1' title="bbox 761 149 1480 195; baseline 0.006 -4"><span class='ocrx_word' id='word_1_1' title='bbox 761 149 808 180; x_wconf 75' lang='grc' dir='ltr'><em>π</em></span> <span class='ocrx_word' id='word_1_2' title='bbox 1423 150 1480 195; x_wconf 84' lang='lat'>45</span> 
     </span>
    </p>
   </div>
   <div class='ocr_carea' id='block_1_2' title="bbox 78 253 1486 1090">
    <p class='ocr_par' dir='ltr' id='par_1_2' title="bbox 78 253 1486 1090">
     <span class='ocr_line' id='line_1_2' title="bbox 80 253 1482 304; baseline 0.001 -13"><span class='ocrx_word' id='word_1_3' title='bbox 80 254 200 304; x_wconf 85' lang='lat' dir='ltr'>loqui.</span> <span class='ocrx_word' id='word_1_4' title='bbox 254 253 307 292; x_wconf 83' lang='lat' dir='ltr'>At</span> <span class='ocrx_word' id='word_1_5' title='bbox 348 253 388 291; x_wconf 91' lang='lat' dir='ltr'>in</span> <span class='ocrx_word' id='word_1_6' title='bbox 423 266 499 303; x_wconf 82' lang='lat'>332</span> <span class='ocrx_word' id='word_1_7' title='bbox 535 258 727 303; x_wconf 77' lang='lat' dir='ltr'>quaterna,</span> <span class='ocrx_word' id='word_1_8' title='bbox 762 266 843 292; x_wconf 92' lang='lat' dir='ltr'>non</span> <span class='ocrx_word' id='word_1_9' title='bbox 882 255 1070 304; x_wconf 76' lang='lat' dir='ltr'>quadrata</span> <span class='ocrx_word' id='word_1_10' title='bbox 1111 255 1356 293; x_wconf 86' lang='lat' dir='ltr'>scribendum</span> <span class='ocrx_word' id='word_1_11' title='bbox 1396 268 1482 294; x_wconf 92' lang='lat' dir='ltr'>esse</span> 
     </span>
     <span class='ocr_line' id='line_1_3' title="bbox 81 319 1486 370; baseline 0.001 -13"><span class='ocrx_word' id='word_1_12' title='bbox 81 320 224 358; x_wconf 89' lang='lat' dir='ltr'>clamat</span> <span class='ocrx_word' id='word_1_13' title='bbox 261 319 416 358; x_wconf 89' lang='lat' dir='ltr'>Gembl.</span> <span class='ocrx_word' id='word_1_14' title='bbox 447 326 484 357; x_wconf 91' lang='lat' dir='ltr'>et</span> <span class='ocrx_word' id='word_1_15' title='bbox 519 320 709 357; x_wconf 90' lang='lat' dir='ltr'>sermonis</span> <span class='ocrx_word' id='word_1_16' title='bbox 747 320 973 370; x_wconf 83' lang='lat' dir='ltr'>proprietas,</span> <span class='ocrx_word' id='word_1_17' title='bbox 1011 333 1099 358; x_wconf 89' lang='lat' dir='ltr'>cum</span> <span class='ocrx_word' id='word_1_18' title='bbox 1139 333 1264 369; x_wconf 91' lang='lat' dir='ltr'>neque</span> <span class='ocrx_word' id='word_1_19' title='bbox 1302 322 1486 370; x_wconf 81' lang='lat' dir='ltr'>quadrati</span> 
     </span>
     <span class='ocr_line' id='line_1_4' title="bbox 81 385 1481 436; baseline 0.001 -14"><span class='ocrx_word' id='word_1_20' title='bbox 81 386 270 434; x_wconf 74' lang='lat' dir='ltr'>quadrata</span> <span class='ocrx_word' id='word_1_21' title='bbox 294 385 477 434; x_wconf 78' lang='lat' dir='ltr'>quadrati</span> <span class='ocrx_word' id='word_1_22' title='bbox 498 385 646 434; x_wconf 87' lang='lat' dir='ltr'>placeat</span> <span class='ocrx_word' id='word_1_23' title='bbox 673 392 729 423; x_wconf 86' lang='lat' dir='ltr'>ter</span> <span class='ocrx_word' id='word_1_24' title='bbox 749 385 962 435; x_wconf 89' lang='lat' dir='ltr'>repetitum,</span> <span class='ocrx_word' id='word_1_25' title='bbox 984 393 1022 434; x_wconf 83' lang='lat' dir='ltr'>et</span> <span class='ocrx_word' id='word_1_26' title='bbox 1045 390 1226 435; x_wconf 78' lang='lat' dir='ltr'>quaterna</span> <span class='ocrx_word' id='word_1_27' title='bbox 1247 386 1481 436; x_wconf 80' lang='lat' dir='ltr'>respondeat</span> 
     </span>
     <span class='ocr_line' id='line_1_5' title="bbox 79 452 307 499; baseline 0.004 -11"><span class='ocrx_word' id='word_1_28' title='bbox 79 452 195 488; x_wconf 81' lang='lat' dir='ltr'>trz&#39;nz&#39;s</span> <span class='ocrx_word' id='word_1_29' title='bbox 217 463 307 499; x_wconf 86' lang='lat'>334.</span> 
     </span>
     <span class='ocr_line' id='line_1_6' title="bbox 135 515 717 564; baseline 0 -11"><span class='ocrx_word' id='word_1_30' title='bbox 135 516 187 553; x_wconf 93' lang='lat' dir='ltr'>II.</span> <span class='ocrx_word' id='word_1_31' title='bbox 209 526 286 564; x_wconf 85' lang='lat'>337</span> <span class='ocrx_word' id='word_1_32' title='bbox 318 516 372 553; x_wconf 87' lang='lat' dir='ltr'>sic</span> <span class='ocrx_word' id='word_1_33' title='bbox 397 522 485 553; x_wconf 87' lang='lat' dir='ltr'>sunt</span> <span class='ocrx_word' id='word_1_34' title='bbox 504 516 543 553; x_wconf 91' lang='lat' dir='ltr'>in</span> <span class='ocrx_word' id='word_1_35' title='bbox 564 515 717 554; x_wconf 89' lang='lat' dir='ltr'>Gembl.</span> 
     </span>
     <span class='ocr_line' id='line_1_7' title="bbox 243 581 1398 634; baseline 0.003 -16"><span class='ocrx_word' id='word_1_36' title='bbox 243 582 294 618; x_wconf 85' lang='lat' dir='ltr'>Et</span> <span class='ocrx_word' id='word_1_37' title='bbox 322 581 575 631; x_wconf 84' lang='lat' dir='ltr'>quiscumque</span> <span class='ocrx_word' id='word_1_38' title='bbox 605 588 739 632; x_wconf 81' lang='lat' dir='ltr'>quater</span> <span class='ocrx_word' id='word_1_39' title='bbox 767 583 915 620; x_wconf 88' lang='lat' dir='ltr'>cunctis</span> <span class='ocrx_word' id='word_1_40' title='bbox 945 582 1047 620; x_wconf 88' lang='lat' dir='ltr'>fauet</span> <span class='ocrx_word' id='word_1_41' title='bbox 1078 583 1244 632; x_wconf 87' lang='lat' dir='ltr'>angulus</span> <span class='ocrx_word' id='word_1_42' title='bbox 1273 596 1398 634; x_wconf 91' lang='lat' dir='ltr'>usque</span> 
     </span>
     <span class='ocr_line' id='line_1_8' title="bbox 245 646 1264 698; baseline 0.003 -15"><span class='ocrx_word' id='word_1_43' title='bbox 245 646 436 697; x_wconf 80' lang='lat' dir='ltr'>Quaeque</span> <span class='ocrx_word' id='word_1_44' title='bbox 465 647 552 685; x_wconf 90' lang='lat' dir='ltr'>loca</span> <span class='ocrx_word' id='word_1_45' title='bbox 581 648 621 684; x_wconf 90' lang='lat' dir='ltr'>in</span> <span class='ocrx_word' id='word_1_46' title='bbox 650 648 786 697; x_wconf 90' lang='lat' dir='ltr'>triplici</span> <span class='ocrx_word' id='word_1_47' title='bbox 817 649 974 698; x_wconf 84' lang='lat' dir='ltr'>signarit</span> <span class='ocrx_word' id='word_1_48' title='bbox 1004 648 1105 686; x_wconf 87' lang='lat' dir='ltr'>linea</span> <span class='ocrx_word' id='word_1_49' title='bbox 1135 649 1264 686; x_wconf 87' lang='lat' dir='ltr'>ductu.</span> 
     </span>
     <span class='ocr_line' id='line_1_9' title="bbox 136 711 971 763; baseline 0.001 -13"><span class='ocrx_word' id='word_1_50' title='bbox 136 712 301 763; x_wconf 88' lang='lat' dir='ltr'>Quaque</span> <span class='ocrx_word' id='word_1_51' title='bbox 330 711 443 749; x_wconf 84' lang='lat' dir='ltr'>Voss.²</span> <span class='ocrx_word' id='word_1_52' title='bbox 464 712 552 758; x_wconf 84' lang='lat' dir='ltr'>Que</span> <span class='ocrx_word' id='word_1_53' title='bbox 572 726 603 750; x_wconf 86' lang='lat'>0.</span> <span class='ocrx_word' id='word_1_54' title='bbox 661 713 828 762; x_wconf 86' lang='lat' dir='ltr'>signauit</span> <span class='ocrx_word' id='word_1_55' title='bbox 857 714 971 752; x_wconf 71' lang='lat' dir='ltr'>Voss.2</span> 
     </span>
     <span class='ocr_line' id='line_1_10' title="bbox 135 777 1478 827; baseline 0.001 -12"><span class='ocrx_word' id='word_1_56' title='bbox 135 778 210 816; x_wconf 90' lang='lat' dir='ltr'>Pro</span> <span class='ocrx_word' id='word_1_57' title='bbox 237 779 376 815; x_wconf 84' lang='lat' dir='ltr'>cunclz&#39;s</span> <span class='ocrx_word' id='word_1_58' title='bbox 407 777 576 827; x_wconf 80' lang='lat' dir='ltr'>Scaliger</span> <span class='ocrx_word' id='word_1_59' title='bbox 605 779 704 816; x_wconf 89' lang='lat' dir='ltr'>coni.</span> <span class='ocrx_word' id='word_1_60' title='bbox 725 780 872 826; x_wconf 70' lang='lat' dir='ltr'>iunctis,</span> <span class='ocrx_word' id='word_1_61' title='bbox 894 779 1090 817; x_wconf 86' lang='lat' dir='ltr'>Bentleius</span> <span class='ocrx_word' id='word_1_62' title='bbox 1120 781 1267 817; x_wconf 81' lang='lat' dir='ltr'><em>z&#39;unclus</em></span> <span class='ocrx_word' id='word_1_63' title='bbox 1296 780 1478 818; x_wconf 89' lang='lat' dir='ltr'>malebat.</span> 
     </span>
     <span class='ocr_line' id='line_1_11' title="bbox 82 844 1479 894; baseline 0 -12"><span class='ocrx_word' id='word_1_64' title='bbox 82 844 159 882; x_wconf 89' lang='lat' dir='ltr'>Sed</span> <span class='ocrx_word' id='word_1_65' title='bbox 178 845 316 881; x_wconf 74' lang='lat' dir='ltr'><em>cunctis</em></span> <span class='ocrx_word' id='word_1_66' title='bbox 336 856 383 880; x_wconf 85' lang='lat' dir='ltr'>ex</span> <span class='ocrx_word' id='word_1_67' title='bbox 404 844 521 880; x_wconf 75' lang='lat' dir='ltr'>ductis</span> <span class='ocrx_word' id='word_1_68' title='bbox 540 844 601 881; x_wconf 87' lang='lat' dir='ltr'>uel</span> <span class='ocrx_word' id='word_1_69' title='bbox 621 845 751 881; x_wconf 78' lang='lat' dir='ltr'><em>ductus</em></span> <span class='ocrx_word' id='word_1_70' title='bbox 770 851 994 894; x_wconf 87' lang='lat' dir='ltr'>corruptum</span> <span class='ocrx_word' id='word_1_71' title='bbox 1015 845 1143 890; x_wconf 88' lang='lat' dir='ltr'>eredo,</span> <span class='ocrx_word' id='word_1_72' title='bbox 1169 846 1265 884; x_wconf 88' lang='lat' dir='ltr'>sicut</span> <span class='ocrx_word' id='word_1_73' title='bbox 1286 846 1315 883; x_wconf 94' lang='grc' dir='ltr'>Ι.</span> <span class='ocrx_word' id='word_1_74' title='bbox 1340 847 1415 882; x_wconf 92' lang='grc'>868</span> <span class='ocrx_word' id='word_1_75' title='bbox 1437 846 1479 882; x_wconf 79' lang='lat' dir='ltr'>ob</span> 
     </span>
     <span class='ocr_line' id='line_1_12' title="bbox 79 909 1477 960; baseline 0.001 -13"><span class='ocrx_word' id='word_1_76' title='bbox 79 911 188 947; x_wconf 76' lang='lat' dir='ltr'>ducta</span> <span class='ocrx_word' id='word_1_77' title='bbox 212 909 355 947; x_wconf 83' lang='lat' dir='ltr'>factum</span> <span class='ocrx_word' id='word_1_78' title='bbox 375 916 431 947; x_wconf 90' lang='lat' dir='ltr'>est</span> <span class='ocrx_word' id='word_1_79' title='bbox 454 910 494 947; x_wconf 81' lang='lat' dir='ltr'>ob</span> <span class='ocrx_word' id='word_1_80' title='bbox 516 915 658 948; x_wconf 75' lang='lat' dir='ltr'>cuncta.</span> <span class='ocrx_word' id='word_1_81' title='bbox 717 910 779 948; x_wconf 88' lang='lat' dir='ltr'>Sic</span> <span class='ocrx_word' id='word_1_82' title='bbox 807 913 881 959; x_wconf 82' lang='lat'>367</span> <span class='ocrx_word' id='word_1_83' title='bbox 905 912 1033 948; x_wconf 64' lang='lat' dir='ltr'>duellas</span> <span class='ocrx_word' id='word_1_84' title='bbox 1056 912 1155 948; x_wconf 78' lang='lat' dir='ltr'><em>locus</em></span> <span class='ocrx_word' id='word_1_85' title='bbox 1179 913 1211 948; x_wconf 80' lang='lat' dir='ltr'>z&#39;t</span> <span class='ocrx_word' id='word_1_86' title='bbox 1227 918 1296 960; x_wconf 77' lang='lat' dir='ltr'>per</span> <span class='ocrx_word' id='word_1_87' title='bbox 1314 913 1477 949; x_wconf 78' lang='lat' dir='ltr'>lransz&#39;la</span> 
     </span>
     <span class='ocr_line' id='line_1_13' title="bbox 78 974 921 1025; baseline 0 -12"><span class='ocrx_word' id='word_1_88' title='bbox 78 977 200 1025; x_wconf 74' lang='lat' dir='ltr'>signa.</span> <span class='ocrx_word' id='word_1_89' title='bbox 258 975 335 1013; x_wconf 91' lang='lat' dir='ltr'>Pro</span> <span class='ocrx_word' id='word_1_90' title='bbox 356 974 414 1012; x_wconf 80' lang='lat' dir='ltr'>Et</span> <span class='ocrx_word' id='word_1_91' title='bbox 430 975 470 1011; x_wconf 92' lang='lat' dir='ltr'>in</span> <span class='ocrx_word' id='word_1_92' title='bbox 492 985 567 1024; x_wconf 83' lang='lat'>337</span> <span class='ocrx_word' id='word_1_93' title='bbox 590 976 834 1025; x_wconf 88' lang='lat' dir='ltr'>praetulerim</span> <span class='ocrx_word' id='word_1_94' title='bbox 855 976 921 1013; x_wconf 74' lang='lat' dir='ltr'>At.</span> 
     </span>
     <span class='ocr_line' id='line_1_14' title="bbox 134 1041 866 1090; baseline 0.001 -12"><span class='ocrx_word' id='word_1_95' title='bbox 134 1041 186 1078; x_wconf 91' lang='lat' dir='ltr'>II.</span> <span class='ocrx_word' id='word_1_96' title='bbox 207 1043 284 1089; x_wconf 84' lang='lat'>358</span> <span class='ocrx_word' id='word_1_97' title='bbox 307 1053 391 1090; x_wconf 89' lang='lat' dir='ltr'>sqq.</span> <span class='ocrx_word' id='word_1_98' title='bbox 423 1041 476 1079; x_wconf 88' lang='lat' dir='ltr'>sic</span> <span class='ocrx_word' id='word_1_99' title='bbox 497 1048 631 1079; x_wconf 85' lang='lat' dir='ltr'>extant</span> <span class='ocrx_word' id='word_1_100' title='bbox 651 1041 690 1078; x_wconf 87' lang='lat' dir='ltr'>in</span> <span class='ocrx_word' id='word_1_101' title='bbox 712 1041 866 1079; x_wconf 80' lang='lat' dir='ltr'>Gembl.</span> 
     </span>
    </p>
   </div>
   <div class='ocr_carea' id='block_1_3' title="bbox 242 1104 1285 1201">
    <p class='ocr_par' dir='ltr' id='par_1_3' title="bbox 242 1104 1285 1201">
     <span class='ocr_line' id='line_1_15' title="bbox 254 1104 429 1136; baseline 0 0"><span class='ocrx_word' id='word_1_102' title='bbox 254 1104 308 1136; x_wconf 88' lang='lat' dir='ltr'>uel</span> <span class='ocrx_word' id='word_1_103' title='bbox 332 1105 429 1136; x_wconf 83' lang='lat' dir='ltr'>deuia</span> 
     </span>
     <span class='ocr_line' id='line_1_16' title="bbox 242 1150 1285 1201; baseline 0.003 -14"><span class='ocrx_word' id='word_1_104' title='bbox 242 1150 449 1201; x_wconf 89' lang='lat' dir='ltr'>Dubiaque</span> <span class='ocrx_word' id='word_1_105' title='bbox 478 1150 631 1188; x_wconf 82' lang='lat' dir='ltr'>alternis</span> <span class='ocrx_word' id='word_1_106' title='bbox 662 1150 750 1188; x_wconf 86' lang='lat' dir='ltr'>data</span> <span class='ocrx_word' id='word_1_107' title='bbox 780 1158 870 1188; x_wconf 92' lang='lat' dir='ltr'>sunt</span> <span class='ocrx_word' id='word_1_108' title='bbox 901 1152 1136 1189; x_wconf 87' lang='lat' dir='ltr'>commercia</span> <span class='ocrx_word' id='word_1_109' title='bbox 1166 1151 1285 1201; x_wconf 80' lang='lat' dir='ltr'>signis</span> 
     </span>
    </p>
   </div>
   <div class='ocr_carea' id='block_1_4' title="bbox 75 1215 1476 2583">
    <p class='ocr_par' dir='ltr' id='par_1_4' title="bbox 241 1215 1250 1265">
     <span class='ocr_line' id='line_1_17' title="bbox 241 1215 1250 1265; baseline 0.002 -13"><span class='ocrx_word' id='word_1_110' title='bbox 241 1215 380 1253; x_wconf 86' lang='lat' dir='ltr'>Mutua</span> <span class='ocrx_word' id='word_1_111' title='bbox 409 1228 482 1253; x_wconf 91' lang='lat' dir='ltr'>nec</span> <span class='ocrx_word' id='word_1_112' title='bbox 511 1228 656 1265; x_wconf 85' lang='lat' dir='ltr'>magno</span> <span class='ocrx_word' id='word_1_113' title='bbox 686 1229 881 1254; x_wconf 83' lang='lat' dir='ltr'>consensu</span> <span class='ocrx_word' id='word_1_114' title='bbox 910 1217 1064 1255; x_wconf 88' lang='lat' dir='ltr'>faedera</span> <span class='ocrx_word' id='word_1_115' title='bbox 1095 1225 1250 1256; x_wconf 90' lang='lat' dir='ltr'>seruant</span> 
     </span>
    </p>

    <p class='ocr_par' dir='ltr' id='par_1_5' title="bbox 136 1281 1143 1331">
     <span class='ocr_line' id='line_1_18' title="bbox 136 1281 1143 1331; baseline 0.002 -13"><span class='ocrx_word' id='word_1_116' title='bbox 136 1283 215 1331; x_wconf 83' lang='lat'>360</span> <span class='ocrx_word' id='word_1_117' title='bbox 243 1282 370 1319; x_wconf 88' lang='lat' dir='ltr'>Inuita</span> <span class='ocrx_word' id='word_1_118' title='bbox 398 1288 565 1330; x_wconf 88' lang='lat' dir='ltr'>angusto</span> <span class='ocrx_word' id='word_1_119' title='bbox 595 1281 701 1331; x_wconf 91' lang='lat' dir='ltr'>quod</span> <span class='ocrx_word' id='word_1_120' title='bbox 731 1282 832 1320; x_wconf 87' lang='lat' dir='ltr'>linea</span> <span class='ocrx_word' id='word_1_121' title='bbox 861 1282 1020 1319; x_wconf 87' lang='lat' dir='ltr'>flectitur</span> <span class='ocrx_word' id='word_1_122' title='bbox 1050 1284 1143 1320; x_wconf 88' lang='lat' dir='ltr'>orbe</span> 
     </span>
    </p>

    <p class='ocr_par' dir='ltr' id='par_1_6' title="bbox 241 1346 1247 1462">
     <span class='ocr_line' id='line_1_19' title="bbox 241 1346 1247 1397; baseline 0.001 -13"><span class='ocrx_word' id='word_1_123' title='bbox 241 1346 346 1384; x_wconf 89' lang='lat' dir='ltr'>Nam</span> <span class='ocrx_word' id='word_1_124' title='bbox 376 1359 465 1384; x_wconf 93' lang='lat' dir='ltr'>cum</span> <span class='ocrx_word' id='word_1_125' title='bbox 494 1359 564 1396; x_wconf 89' lang='lat' dir='ltr'>per</span> <span class='ocrx_word' id='word_1_126' title='bbox 592 1347 687 1384; x_wconf 84' lang='lat' dir='ltr'>tales</span> <span class='ocrx_word' id='word_1_127' title='bbox 716 1347 930 1385; x_wconf 83' lang='lat' dir='ltr'>formantur</span> <span class='ocrx_word' id='word_1_128' title='bbox 959 1348 1107 1397; x_wconf 75' lang='lat' dir='ltr'>singuia</span> <span class='ocrx_word' id='word_1_129' title='bbox 1136 1348 1247 1385; x_wconf 90' lang='lat' dir='ltr'>limes</span> 
     </span>
     <span class='ocr_line' id='line_1_20' title="bbox 242 1412 1209 1462; baseline 0.002 -13"><span class='ocrx_word' id='word_1_130' title='bbox 242 1412 396 1462; x_wconf 89' lang='lat' dir='ltr'>Sydera,</span> <span class='ocrx_word' id='word_1_131' title='bbox 425 1419 463 1449; x_wconf 92' lang='lat' dir='ltr'>et</span> <span class='ocrx_word' id='word_1_132' title='bbox 491 1412 637 1450; x_wconf 90' lang='lat' dir='ltr'>alterno</span> <span class='ocrx_word' id='word_1_133' title='bbox 667 1413 872 1450; x_wconf 85' lang='lat' dir='ltr'>deuertitur</span> <span class='ocrx_word' id='word_1_134' title='bbox 901 1413 1065 1462; x_wconf 87' lang='lat' dir='ltr'>angulus</span> <span class='ocrx_word' id='word_1_135' title='bbox 1095 1420 1209 1452; x_wconf 88' lang='lat' dir='ltr'>astro.</span> 
     </span>
    </p>

    <p class='ocr_par' dir='ltr' id='par_1_7' title="bbox 75 1477 1476 1647">
     <span class='ocr_line' id='line_1_21' title="bbox 135 1477 1476 1528; baseline 0.001 -14"><span class='ocrx_word' id='word_1_136' title='bbox 135 1480 212 1526; x_wconf 85' lang='lat'>358</span> <span class='ocrx_word' id='word_1_137' title='bbox 251 1477 453 1527; x_wconf 85' lang='lat' dir='ltr'>Deuiaque</span> <span class='ocrx_word' id='word_1_138' title='bbox 486 1479 619 1515; x_wconf 60' lang='lat' dir='ltr'><em>codices</em></span> <span class='ocrx_word' id='word_1_139' title='bbox 652 1479 791 1526; x_wconf 68' lang='lat' dir='ltr'>relique·</span> <span class='ocrx_word' id='word_1_140' title='bbox 811 1483 963 1527; x_wconf 71' lang='lat' dir='ltr'>praelcr</span> <span class='ocrx_word' id='word_1_141' title='bbox 1002 1477 1116 1516; x_wconf 57' lang='lat' dir='ltr'><em>Voss?</em></span> <span class='ocrx_word' id='word_1_142' title='bbox 1149 1480 1256 1517; x_wconf 76' lang='lat' dir='ltr'><em>cuius</em></span> <span class='ocrx_word' id='word_1_143' title='bbox 1285 1480 1476 1528; x_wconf 74' lang='lat' dir='ltr'>scriptura</span> 
     </span>
     <span class='ocr_line' id='line_1_22' title="bbox 77 1543 1475 1594; baseline 0 -12"><span class='ocrx_word' id='word_1_144' title='bbox 77 1545 249 1593; x_wconf 68' lang='lat' dir='ltr'>dzignoscz‘</span> <span class='ocrx_word' id='word_1_145' title='bbox 276 1556 347 1580; x_wconf 87' lang='lat' dir='ltr'>non</span> <span class='ocrx_word' id='word_1_146' title='bbox 368 1548 525 1592; x_wconf 74' lang='lat' dir='ltr'>poterat.</span> <span class='ocrx_word' id='word_1_147' title='bbox 583 1545 655 1591; x_wconf 85' lang='lat'>361</span> <span class='ocrx_word' id='word_1_148' title='bbox 690 1544 812 1593; x_wconf 84' lang='lat' dir='ltr'>sigula</span> <span class='ocrx_word' id='word_1_149' title='bbox 853 1543 966 1581; x_wconf 54' lang='lat' dir='ltr'><em>Voss?</em></span> <span class='ocrx_word' id='word_1_150' title='bbox 997 1557 1067 1594; x_wconf 91' lang='lat' dir='ltr'>per</span> <span class='ocrx_word' id='word_1_151' title='bbox 1101 1544 1216 1582; x_wconf 88' lang='lat' dir='ltr'>calles</span> <span class='ocrx_word' id='word_1_152' title='bbox 1249 1545 1273 1583; x_wconf 91' lang='lat' dir='ltr'>f.</span> <span class='ocrx_word' id='word_1_153' title='bbox 1304 1557 1332 1583; x_wconf 89' lang='lat' dir='ltr'>s.</span> <span class='ocrx_word' id='word_1_154' title='bbox 1362 1545 1475 1582; x_wconf 87' lang='lat' dir='ltr'>limos</span> 
     </span>
     <span class='ocr_line' id='line_1_23' title="bbox 75 1609 274 1647; baseline -0.005 0"><span class='ocrx_word' id='word_1_155' title='bbox 75 1609 274 1647; x_wconf 81' lang='lat' dir='ltr'><em>Molz&#39;nz‘us.</em></span> 
     </span>
    </p>

    <p class='ocr_par' dir='ltr' id='par_1_8' title="bbox 75 1674 1475 2583">
     <span class='ocr_line' id='line_1_24' title="bbox 131 1674 1475 1725; baseline 0.001 -14"><span class='ocrx_word' id='word_1_156' title='bbox 131 1675 179 1712; x_wconf 94' lang='lat' dir='ltr'>In</span> <span class='ocrx_word' id='word_1_157' title='bbox 210 1677 286 1723; x_wconf 85' lang='lat'>358</span> <span class='ocrx_word' id='word_1_158' title='bbox 308 1674 487 1712; x_wconf 84' lang='lat' dir='ltr'>transitus</span> <span class='ocrx_word' id='word_1_159' title='bbox 514 1675 555 1711; x_wconf 85' lang='lat' dir='ltr'>fit</span> <span class='ocrx_word' id='word_1_160' title='bbox 585 1674 633 1712; x_wconf 86' lang='lat' dir='ltr'>ad</span> <span class='ocrx_word' id='word_1_161' title='bbox 663 1674 881 1725; x_wconf 83' lang='lat' dir='ltr'>hexagona.</span> <span class='ocrx_word' id='word_1_162' title='bbox 940 1675 1077 1724; x_wconf 88' lang='lat' dir='ltr'>Itaque</span> <span class='ocrx_word' id='word_1_163' title='bbox 1106 1688 1177 1725; x_wconf 88' lang='lat' dir='ltr'>pro</span> <span class='ocrx_word' id='word_1_164' title='bbox 1197 1675 1390 1725; x_wconf 80' lang='lat' dir='ltr'>Deuz&#39;aque</span> <span class='ocrx_word' id='word_1_165' title='bbox 1409 1682 1475 1714; x_wconf 89' lang='lat' dir='ltr'>aut</span> 
     </span>
     <span class='ocr_line' id='line_1_25' title="bbox 75 1738 1475 1790; baseline -0.001 -12"><span class='ocrx_word' id='word_1_166' title='bbox 75 1740 338 1790; x_wconf 85' lang='lat' dir='ltr'>recipiendum</span> <span class='ocrx_word' id='word_1_167' title='bbox 358 1741 426 1777; x_wconf 90' lang='lat' dir='ltr'>erit</span> <span class='ocrx_word' id='word_1_168' title='bbox 447 1740 580 1778; x_wconf 86' lang='lat' dir='ltr'>Iacobi</span> <span class='ocrx_word' id='word_1_169' title='bbox 599 1739 750 1777; x_wconf 78' lang='lat' dir='ltr'>Debz&#39;lz&#39;a</span> <span class='ocrx_word' id='word_1_170' title='bbox 781 1744 789 1760; x_wconf 74' lang='lat'><strong><em>⁶</em></strong></span> <span class='ocrx_word' id='word_1_171' title='bbox 803 1738 920 1786; x_wconf 83' lang='lat' dir='ltr'>faint,&#39;</span> <span class='ocrx_word' id='word_1_172' title='bbox 945 1740 1112 1786; x_wconf 85' lang='lat' dir='ltr'>‘feeble,’</span> <span class='ocrx_word' id='word_1_173' title='bbox 1134 1748 1199 1778; x_wconf 91' lang='lat' dir='ltr'>aut</span> <span class='ocrx_word' id='word_1_174' title='bbox 1229 1742 1475 1779; x_wconf 88' lang='lat' dir='ltr'>scribendum</span> 
     </span>
     <span class='ocr_line' id='line_1_26' title="bbox 76 1805 1475 1856; baseline 0 -13"><span class='ocrx_word' id='word_1_175' title='bbox 76 1805 203 1843; x_wconf 84' lang='lat' dir='ltr'>Deuz&#39;a</span> <span class='ocrx_word' id='word_1_176' title='bbox 235 1819 354 1854; x_wconf 80' lang='lat' dir='ltr'>quae.-</span> <span class='ocrx_word' id='word_1_177' title='bbox 397 1805 509 1843; x_wconf 89' lang='lat' dir='ltr'>deuia</span> <span class='ocrx_word' id='word_1_178' title='bbox 542 1806 646 1843; x_wconf 89' lang='lat' dir='ltr'>enim</span> <span class='ocrx_word' id='word_1_179' title='bbox 680 1807 779 1843; x_wconf 87' lang='lat' dir='ltr'>bene</span> <span class='ocrx_word' id='word_1_180' title='bbox 815 1806 888 1843; x_wconf 90' lang='lat' dir='ltr'>dici</span> <span class='ocrx_word' id='word_1_181' title='bbox 923 1812 1101 1855; x_wconf 85' lang='lat' dir='ltr'>poterant</span> <span class='ocrx_word' id='word_1_182' title='bbox 1131 1807 1365 1844; x_wconf 88' lang='lat' dir='ltr'>commercia</span> <span class='ocrx_word' id='word_1_183' title='bbox 1398 1807 1475 1856; x_wconf 84' lang='lat' dir='ltr'>sig-</span> 
     </span>
     <span class='ocr_line' id='line_1_27' title="bbox 76 1871 1475 1922; baseline 0 -13"><span class='ocrx_word' id='word_1_184' title='bbox 76 1884 214 1909; x_wconf 88' lang='lat' dir='ltr'>norum</span> <span class='ocrx_word' id='word_1_185' title='bbox 234 1872 483 1917; x_wconf 87' lang='lat' dir='ltr'>alternorum,</span> <span class='ocrx_word' id='word_1_186' title='bbox 504 1871 539 1908; x_wconf 92' lang='lat' dir='ltr'>h.</span> <span class='ocrx_word' id='word_1_187' title='bbox 554 1884 586 1909; x_wconf 92' lang='lat' dir='ltr'>e.</span> <span class='ocrx_word' id='word_1_188' title='bbox 608 1872 647 1908; x_wconf 91' lang='lat' dir='ltr'>in</span> <span class='ocrx_word' id='word_1_189' title='bbox 668 1871 888 1921; x_wconf 82' lang='lat' dir='ltr'>hexagono,</span> <span class='ocrx_word' id='word_1_190' title='bbox 912 1884 1000 1909; x_wconf 92' lang='lat' dir='ltr'>cum</span> <span class='ocrx_word' id='word_1_191' title='bbox 1021 1872 1167 1910; x_wconf 83' lang='lat' dir='ltr'>alterno</span> <span class='ocrx_word' id='word_1_192' title='bbox 1189 1885 1344 1922; x_wconf 91' lang='lat' dir='ltr'>quoque</span> <span class='ocrx_word' id='word_1_193' title='bbox 1371 1880 1475 1910; x_wconf 89' lang='lat' dir='ltr'>astro</span> 
     </span>
     <span class='ocr_line' id='line_1_28' title="bbox 77 1937 1475 1986; baseline 0.001 -12"><span class='ocrx_word' id='word_1_194' title='bbox 77 1949 210 1974; x_wconf 88' lang='lat' dir='ltr'>cursus</span> <span class='ocrx_word' id='word_1_195' title='bbox 243 1937 430 1974; x_wconf 88' lang='lat' dir='ltr'>linearum</span> <span class='ocrx_word' id='word_1_196' title='bbox 469 1937 702 1982; x_wconf 79' lang='lat' dir='ltr'>deflectatur,</span> <span class='ocrx_word' id='word_1_197' title='bbox 736 1944 777 1973; x_wconf 93' lang='lat' dir='ltr'>ut</span> <span class='ocrx_word' id='word_1_198' title='bbox 811 1937 1105 1986; x_wconf 89' lang='lat' dir='ltr'>quodammodo</span> <span class='ocrx_word' id='word_1_199' title='bbox 1144 1938 1289 1975; x_wconf 87' lang='lat' dir='ltr'>incerta</span> <span class='ocrx_word' id='word_1_200' title='bbox 1321 1938 1385 1975; x_wconf 90' lang='lat' dir='ltr'>uia</span> <span class='ocrx_word' id='word_1_201' title='bbox 1422 1938 1475 1975; x_wconf 90' lang='lat' dir='ltr'>ire</span> 
     </span>
     <span class='ocr_line' id='line_1_29' title="bbox 77 2002 1475 2052; baseline 0 -12"><span class='ocrx_word' id='word_1_202' title='bbox 77 2015 148 2040; x_wconf 92' lang='lat' dir='ltr'>nec</span> <span class='ocrx_word' id='word_1_203' title='bbox 174 2002 259 2052; x_wconf 89' lang='lat' dir='ltr'>lege</span> <span class='ocrx_word' id='word_1_204' title='bbox 284 2002 471 2051; x_wconf 84' lang='lat' dir='ltr'>obstringi</span> <span class='ocrx_word' id='word_1_205' title='bbox 499 2002 566 2039; x_wconf 91' lang='lat' dir='ltr'>sed</span> <span class='ocrx_word' id='word_1_206' title='bbox 586 2002 660 2040; x_wconf 85' lang='lat' dir='ltr'>aiio</span> <span class='ocrx_word' id='word_1_207' title='bbox 686 2014 845 2050; x_wconf 85' lang='lat' dir='ltr'>uergere</span> <span class='ocrx_word' id='word_1_208' title='bbox 866 2015 910 2039; x_wconf 87' lang='lat' dir='ltr'>ac</span> <span class='ocrx_word' id='word_1_209' title='bbox 932 2009 1141 2051; x_wconf 81' lang='lat' dir='ltr'>coeperant</span> <span class='ocrx_word' id='word_1_210' title='bbox 1161 2003 1376 2040; x_wconf 86' lang='lat' dir='ltr'>uideantur.</span> <span class='ocrx_word' id='word_1_211' title='bbox 1424 2003 1475 2040; x_wconf 86' lang='lat' dir='ltr'>Et</span> 
     </span>
     <span class='ocr_line' id='line_1_30' title="bbox 76 2067 1475 2119; baseline 0 -14"><span class='ocrx_word' id='word_1_212' title='bbox 76 2080 167 2106; x_wconf 91' lang='lat' dir='ltr'>uere</span> <span class='ocrx_word' id='word_1_213' title='bbox 187 2068 284 2105; x_wconf 89' lang='lat' dir='ltr'>tradi</span> <span class='ocrx_word' id='word_1_214' title='bbox 304 2067 431 2104; x_wconf 81' lang='lat' dir='ltr'>Deuz&#39;a</span> <span class='ocrx_word' id='word_1_215' title='bbox 452 2068 506 2104; x_wconf 90' lang='lat' dir='ltr'>sic</span> <span class='ocrx_word' id='word_1_216' title='bbox 527 2068 678 2117; x_wconf 83' lang='lat' dir='ltr'>colligo,</span> <span class='ocrx_word' id='word_1_217' title='bbox 702 2067 805 2116; x_wconf 91' lang='lat' dir='ltr'>quod</span> <span class='ocrx_word' id='word_1_218' title='bbox 818 2074 892 2116; x_wconf 75' lang='lat' dir='ltr'>per</span> <span class='ocrx_word' id='word_1_219' title='bbox 912 2069 1021 2104; x_wconf 80' lang='lat' dir='ltr'>calles</span> <span class='ocrx_word' id='word_1_220' title='bbox 1040 2069 1147 2105; x_wconf 76' lang='lat' dir='ltr'>limos</span> <span class='ocrx_word' id='word_1_221' title='bbox 1168 2068 1239 2119; x_wconf 87' lang='lat' dir='ltr'>(sic</span> <span class='ocrx_word' id='word_1_222' title='bbox 1261 2069 1364 2105; x_wconf 89' lang='lat' dir='ltr'>enim</span> <span class='ocrx_word' id='word_1_223' title='bbox 1385 2081 1475 2106; x_wconf 90' lang='lat' dir='ltr'>cum</span> 
     </span>
     <span class='ocr_line' id='line_1_31' title="bbox 79 2130 1475 2184; baseline 0.001 -14"><span class='ocrx_word' id='word_1_224' title='bbox 79 2132 245 2171; x_wconf 89' lang='lat' dir='ltr'>Molinio</span> <span class='ocrx_word' id='word_1_225' title='bbox 275 2133 490 2183; x_wconf 89' lang='lat' dir='ltr'>scripserim</span> <span class='ocrx_word' id='word_1_226' title='bbox 522 2130 616 2184; x_wconf 86' lang='lat'>361)</span> <span class='ocrx_word' id='word_1_227' title='bbox 647 2133 839 2170; x_wconf 85' lang='lat' dir='ltr'>ducuntur</span> <span class='ocrx_word' id='word_1_228' title='bbox 868 2133 990 2171; x_wconf 89' lang='lat' dir='ltr'>lineae</span> <span class='ocrx_word' id='word_1_229' title='bbox 1021 2133 1339 2182; x_wconf 82' lang='lat' dir='ltr'>hexagonorum:</span> <span class='ocrx_word' id='word_1_230' title='bbox 1370 2134 1475 2172; x_wconf 88' lang='lat' dir='ltr'>callis</span> 
     </span>
     <span class='ocr_line' id='line_1_32' title="bbox 77 2197 1474 2250; baseline -0.001 -13"><span class='ocrx_word' id='word_1_231' title='bbox 77 2199 183 2237; x_wconf 90' lang='lat' dir='ltr'>enim</span> <span class='ocrx_word' id='word_1_232' title='bbox 203 2199 356 2248; x_wconf 89' lang='lat' dir='ltr'>proprie</span> <span class='ocrx_word' id='word_1_233' title='bbox 375 2205 432 2237; x_wconf 84' lang='lat' dir='ltr'>est</span> <span class='ocrx_word' id='word_1_234' title='bbox 451 2199 586 2236; x_wconf 84' lang='lat' dir='ltr'>semita</span> <span class='ocrx_word' id='word_1_235' title='bbox 606 2200 759 2244; x_wconf 77' lang='lat' dir='ltr'>tenuior,</span> <span class='ocrx_word' id='word_1_236' title='bbox 783 2198 881 2235; x_wconf 86' lang='lat' dir='ltr'>callo</span> <span class='ocrx_word' id='word_1_237' title='bbox 901 2210 1085 2247; x_wconf 90' lang='lat' dir='ltr'>pecorum</span> <span class='ocrx_word' id='word_1_238' title='bbox 1105 2199 1334 2248; x_wconf 81' lang='lat' dir='ltr'>praedurata</span> <span class='ocrx_word' id='word_1_239' title='bbox 1348 2197 1474 2250; x_wconf 83' lang='lat' dir='ltr'>(Seru.</span> 
     </span>
     <span class='ocr_line' id='line_1_33' title="bbox 78 2263 1472 2313; baseline 0 -12"><span class='ocrx_word' id='word_1_240' title='bbox 78 2264 128 2302; x_wconf 90' lang='lat' dir='ltr'>ad</span> <span class='ocrx_word' id='word_1_241' title='bbox 144 2264 297 2302; x_wconf 85' lang='lat' dir='ltr'>Aen.iv.</span> <span class='ocrx_word' id='word_1_242' title='bbox 307 2263 525 2313; x_wconf 71' lang='lat' dir='ltr'>405),unde</span> <span class='ocrx_word' id='word_1_243' title='bbox 533 2263 726 2312; x_wconf 87' lang='lat' dir='ltr'>Vergilius</span> <span class='ocrx_word' id='word_1_244' title='bbox 739 2264 829 2300; x_wconf 74' lang='lat' dir='ltr'>calle</span> <span class='ocrx_word' id='word_1_245' title='bbox 841 2268 999 2312; x_wconf 75' lang='lat' dir='ltr'>angusto</span> <span class='ocrx_word' id='word_1_246' title='bbox 1015 2264 1217 2313; x_wconf 90' lang='lat' dir='ltr'>usurpauit</span> <span class='ocrx_word' id='word_1_247' title='bbox 1232 2264 1280 2301; x_wconf 94' lang='lat' dir='ltr'>de</span> <span class='ocrx_word' id='word_1_248' title='bbox 1292 2264 1472 2310; x_wconf 88' lang='lat' dir='ltr'>formicis,</span> 
     </span>
     <span class='ocr_line' id='line_1_34' title="bbox 78 2329 1474 2378; baseline -0.001 -11"><span class='ocrx_word' id='word_1_249' title='bbox 78 2329 252 2368; x_wconf 88' lang='lat' dir='ltr'>Isidorus</span> <span class='ocrx_word' id='word_1_250' title='bbox 267 2329 414 2378; x_wconf 89' lang='lat' dir='ltr'>Origin.</span> <span class='ocrx_word' id='word_1_251' title='bbox 427 2342 485 2367; x_wconf 81' lang='lat' dir='ltr'>xv.</span> <span class='ocrx_word' id='word_1_252' title='bbox 503 2329 566 2367; x_wconf 90' lang='lat' dir='ltr'>fin.</span> <span class='ocrx_word' id='word_1_253' title='bbox 583 2329 718 2367; x_wconf 88' lang='lat' dir='ltr'>callem</span> <span class='ocrx_word' id='word_1_254' title='bbox 734 2330 804 2365; x_wconf 69' lang='lat' dir='ltr'>iter</span> <span class='ocrx_word' id='word_1_255' title='bbox 810 2330 987 2377; x_wconf 78' lang='lat' dir='ltr'>pecudum</span> <span class='ocrx_word' id='word_1_256' title='bbox 1010 2330 1106 2366; x_wconf 79' lang='lat' dir='ltr'>z&#39;nler</span> <span class='ocrx_word' id='word_1_257' title='bbox 1121 2334 1254 2366; x_wconf 77' lang='lat' dir='ltr'>montes</span> <span class='ocrx_word' id='word_1_258' title='bbox 1273 2334 1474 2378; x_wconf 77' lang='lat' dir='ltr'>angustum</span> 
     </span>
     <span class='ocr_line' id='line_1_35' title="bbox 77 2394 1473 2445; baseline -0.001 -12"><span class='ocrx_word' id='word_1_259' title='bbox 77 2395 195 2441; x_wconf 78' lang='lat' dir='ltr'>dixit;</span> <span class='ocrx_word' id='word_1_260' title='bbox 233 2408 361 2445; x_wconf 91' lang='lat' dir='ltr'>neque</span> <span class='ocrx_word' id='word_1_261' title='bbox 394 2395 433 2432; x_wconf 94' lang='lat' dir='ltr'>id</span> <span class='ocrx_word' id='word_1_262' title='bbox 467 2395 602 2440; x_wconf 87' lang='lat' dir='ltr'>solum,</span> <span class='ocrx_word' id='word_1_263' title='bbox 639 2394 709 2431; x_wconf 94' lang='lat' dir='ltr'>sed</span> <span class='ocrx_word' id='word_1_264' title='bbox 742 2401 779 2431; x_wconf 92' lang='lat' dir='ltr'>et</span> <span class='ocrx_word' id='word_1_265' title='bbox 811 2395 937 2431; x_wconf 79' lang='lat' dir='ltr'>deuz&#39;as</span> <span class='ocrx_word' id='word_1_266' title='bbox 971 2396 1082 2431; x_wconf 77' lang='lat' dir='ltr'>calles</span> <span class='ocrx_word' id='word_1_267' title='bbox 1115 2394 1249 2432; x_wconf 91' lang='lat' dir='ltr'>Liuius</span> <span class='ocrx_word' id='word_1_268' title='bbox 1284 2394 1373 2431; x_wconf 81' lang='lat' dir='ltr'>xxii.</span> <span class='ocrx_word' id='word_1_269' title='bbox 1411 2407 1473 2440; x_wconf 89' lang='lat'>24.</span> 
     </span>
     <span class='ocr_line' id='line_1_36' title="bbox 76 2459 1473 2509; baseline -0.001 -11"><span class='ocrx_word' id='word_1_270' title='bbox 76 2460 205 2498; x_wconf 87' lang='lat' dir='ltr'>Etiam</span> <span class='ocrx_word' id='word_1_271' title='bbox 242 2460 410 2498; x_wconf 87' lang='lat' dir='ltr'>Iacobus</span> <span class='ocrx_word' id='word_1_272' title='bbox 447 2461 553 2497; x_wconf 69' lang='lat' dir='ltr'><em>limos</em></span> <span class='ocrx_word' id='word_1_273' title='bbox 587 2460 726 2506; x_wconf 88' lang='lat' dir='ltr'>edidit;</span> <span class='ocrx_word' id='word_1_274' title='bbox 771 2459 838 2498; x_wconf 90' lang='lat' dir='ltr'>sed</span> <span class='ocrx_word' id='word_1_275' title='bbox 878 2472 949 2509; x_wconf 91' lang='lat' dir='ltr'>pro</span> <span class='ocrx_word' id='word_1_276' title='bbox 989 2461 1246 2506; x_wconf 76' lang='lat' dir='ltr'>substantiuo,</span> <span class='ocrx_word' id='word_1_277' title='bbox 1286 2466 1473 2509; x_wconf 87' lang='lat' dir='ltr'>tanquam</span> 
     </span>
     <span class='ocr_line' id='line_1_37' title="bbox 79 2524 1473 2583; baseline 0 -21"><span class='ocrx_word' id='word_1_278' title='bbox 79 2527 88 2543; x_wconf 89' lang='lat'>‘</span> <span class='ocrx_word' id='word_1_279' title='bbox 105 2524 248 2564; x_wconf 84' lang='lat' dir='ltr'>flexus’</span> <span class='ocrx_word' id='word_1_280' title='bbox 271 2526 470 2575; x_wconf 84' lang='lat' dir='ltr'>significet,</span> <span class='ocrx_word' id='word_1_281' title='bbox 490 2526 601 2583; x_wconf 73' lang='lat' dir='ltr'>cuius</span> <span class='ocrx_word' id='word_1_282' title='bbox 630 2525 776 2562; x_wconf 89' lang='lat' dir='ltr'>nullum</span> <span class='ocrx_word' id='word_1_283' title='bbox 806 2525 1029 2576; x_wconf 86' lang='lat' dir='ltr'>exemplum</span> <span class='ocrx_word' id='word_1_284' title='bbox 1058 2525 1221 2575; x_wconf 90' lang='lat' dir='ltr'>repperi.</span> <span class='ocrx_word' id='word_1_285' title='bbox 1279 2525 1473 2564; x_wconf 88' lang='lat' dir='ltr'>Breiterus</span> 
     </span>
    </p>
   </div>
  </div>
 </body>
</html>
