1786 2878
264 150 321 207 36
675 160 876 194 NOCJES
902 160 1238 193 MANJLJANAE

264 288 379 327 ‘The
409 288 485 327 end
514 288 559 327 of
588 288 720 340 spring
747 289 826 327 and
853 289 919 328 the
947 290 1164 341 beginning
1193 290 1239 329 of
1267 301 1439 329 summer
1467 297 1584 330 count
1617 303 1660 330 as

263 353 400 404 equal?

314 420 366 457 ΙΙ.
400 422 486 468 187,
512 422 534 458 8

425 485 509 523 Nec
538 498 618 523 non
647 485 876 524 Arcitenens
906 486 970 536 qui
1001 493 1037 523 te
1068 485 1307 536 Capricorne
1337 487 1410 524 sub
1439 487 1526 537 ipso

425 550 629 596 Promittit,
660 551 801 600 duplici
832 551 1019 589 formatus
1049 552 1217 601 imagine
1247 552 1374 589 fertur.

279 611 282 614 ’
317 615 571 654 Scribendum
591 623 649 653 est
668 618 756 665 quia
779 617 964 654 ‘because
991 617 1115 655 under
1142 617 1200 655 his
1229 629 1317 654 own
1345 617 1444 655 form
1474 616 1522 654 he
1551 617 1658 667 gives

260 681 423 719 forecast
444 681 487 719 of
504 681 744 731 Capricorn?
801 681 893 719 Non
916 682 1034 720 credo
1054 682 1120 719 sub
1148 684 1226 731 ipso
1245 694 1329 720 esse
1347 687 1437 732 post
1463 684 1594 732 ipsum,
1616 688 1659 720 ut

260 747 461 785 uoluerunt
481 753 570 797 post
591 747 809 784 Bentleium
830 747 902 785 alii.

317 812 370 850 ΙΙ.
396 822 591 861 197-202,
618 825 803 861 223—229
825 813 879 851 sic
900 819 1032 850 extant
1053 813 1091 850 in
1113 812 1266 851 Gembl.

425 877 544 924 Quod
574 878 645 915 tria
674 878 786 927 signa
814 890 959 916 nouem
989 878 1110 927 signis
1139 879 1345 916 coniuncta
1374 885 1592 928 repugnant

422 943 473 981 Et
502 944 613 994 quasi
643 943 779 981 seditio
808 943 957 981 caelum
986 950 1092 981 tenet
1121 944 1251 993 aspice
1281 943 1456 981 Taurum

424 1009 613 1047 Clunibus
642 1016 678 1046 et
707 1009 882 1058 geminos
911 1009 1074 1059 pedibus
1103 1009 1291 1047 testudine
1320 1021 1504 1047 cancrum

317 1087 394 1113 200
426 1074 590 1124 Surgere
620 1086 708 1112 cum
739 1075 852 1112 rectis
881 1075 1051 1112 oriantur
1081 1082 1207 1112 cetera
1233 1075 1404 1113 menbris

423 1140 508 1178 Nec
538 1141 677 1178 mirere
706 1152 835 1177 moras
866 1153 955 1178 curn
986 1140 1043 1178 sol
1072 1140 1234 1178 aduersa
1263 1153 1331 1190 per
1361 1147 1464 1178 astra

424 1207 630 1244 Aestiuum
659 1206 774 1243 tardis
803 1207 950 1244 attollat
980 1207 1179 1244 mensibus
1208 1219 1366 1244 annum.

318 1284 391 1320 199
422 1272 586 1321 pedibus
623 1273 802 1321 geminos
846 1272 1025 1310 Vossz'anz'.
1097 1284 1169 1309 201
1204 1271 1264 1309 Ne
1295 1270 1407 1310 Voss.¹
1427 1271 1497 1309 bo.
1565 1270 1656 1309 Neu

257 1336 379 1387 Neap.
437 1350 572 1375 auersa
591 1336 824 1374 Bullz'aldus.
885 1349 957 1374 202
990 1337 1127 1375 attollit
1152 1337 1333 1383 Vossiam}
1355 1337 1375 1374 b
1396 1350 1426 1374 0.

315 1416 502 1452 223-229

422 1468 542 1515 Quod
571 1469 757 1506 nonnulla
786 1469 856 1506 sibi
886 1468 992 1506 nullo
1024 1475 1264 1507 monstrante
1292 1467 1503 1518 loquuntur

421 1534 608 1584 Neptuno
638 1535 777 1572 debere
805 1546 929 1584 genus
959 1534 1187 1584 scopulosus
1217 1535 1255 1571 in
1283 1534 1398 1572 undis

316 1611 391 1649 225
422 1600 575 1638 Cancer
603 1606 640 1638 et
670 1600 792 1638 effuso
821 1600 1035 1649 gaudentes
1064 1599 1103 1636 in
1132 1611 1298 1649 aequore
1327 1600 1453 1649 pisces

421 1665 474 1703 Vt
504 1678 603 1715 quae
632 1672 783 1703 terrena
813 1672 1020 1703 censentur
1050 1664 1186 1714 sydera
1216 1671 1318 1702 sorte

421 1730 605 1779 Princeps
635 1731 797 1767 armenti
827 1736 959 1767 taurus
988 1742 1187 1779 regnoque
1218 1730 1406 1778 superbus

422 1795 604 1844 Lanigeri
634 1796 763 1845 gregis
793 1801 850 1833 est
880 1796 977 1832 aries
1006 1795 1199 1844 positique
1228 1794 1394 1832 duorum

421 1860 706 1910 Praedatorque
737 1860 797 1898 leo
827 1860 1000 1898 dumosis
1030 1860 1204 1909 scorpius
1234 1860 1348 1898 aruis.

313 1939 389 1976 223
419 1927 487 1964 tibi
508 1926 631 1963 Benll.
692 1939 768 1972 224
798 1926 1013 1975 populosus
1033 1925 1157 1962 Bentl.
1179 1924 1279 1963 Sane
1298 1927 1337 1963 sz'
1349 1923 1529 1972 πετραίους
1551 1923 1650 1975 (Ael.

255 1991 311 2030 H.
327 1993 378 2031 Α.
399 1993 457 2029 vii.
481 1994 547 2038 24)
570 1992 630 2028 hz'c
649 1991 885 2040 szgrmficauz'l
900 1990 1106 2036 Ᾱίαηίίίιις,
1122 1991 1270 2027 uidetur
1289 1992 1364 2028 uix
1383 1992 1496 2028 laline
1515 1991 1656 2028 locutus

255 2071 338 2105 esse,
360 2058 408 2106 cf
428 2062 546 2095 lamen
567 2059 706 2103 εἷαρόεις
724 2064 799 2106 pro
818 2069 931 2094 uerno
951 2057 990 2093 in
1006 2055 1191 2094 Maximo
1214 2061 1248 2093 el
1270 2056 1494 2094 lilanellzone
1514 2054 1654 2106 (Max.

258 2125 345 2169 281,
366 2123 566 2169 Ludwz'clz‚
591 2121 763 2160 [Wanellz.
785 2123 831 2159 iv.
857 2132 932 2170 275
963 2125 1068 2168 Κριοῦ
1097 2122 1124 2157 τ’
1152 2122 1369 2173 εἷαρόεντος),
1390 2123 1560 2169 οὐρανόεις
1577 2128 1655 2171 pro

260 2190 409 2226 caelesti
439 2187 610 2225 fllanellz.
643 2197 731 2235 273.
795 2198 870 2236 225
902 2188 940 2224 in
970 2199 1136 2237 aequore
1165 2189 1293 2224 uz‘tz‘ose
1320 2187 1418 2224 codd.
1440 2191 1593 2236 praeler
1621 2187 1653 2233 b,

255 2266 424 2304 aequore
440 2255 472 2291 b.
523 2255 598 2290 228
620 2253 831 2302 positisque
855 2252 945 2291 Cus.
972 2252 1145 2290 Vossz'anz'
1161 2253 1224 2299 ob,
1242 2253 1464 2302 positusque
1483 2250 1654 2300 Regiom.

253 2320 452 2369 hostisque
479 2317 649 2367 Scalzger
668 2319 861 2368 pestisque
888 2317 1100 2355 Gronouius
1124 2317 1314 2355 Obserual.
1337 2318 1387 2354 iii.
1413 2326 1459 2365 15
1486 2317 1652 2366 adstzpu-

252 2386 350 2423 lanle
368 2385 544 2422 Bentlez'o.
604 2396 680 2431 229
711 2384 862 2420 rimosis
884 2382 1052 2421 Iacobus.

308 2463 371 2489 uu.
395 2460 481 2500 197,
501 2462 588 2498 223,
607 2449 829 2498 conspirant
851 2449 1003 2486 codices
1024 2449 1063 2486 in
1088 2447 1201 2494 Quod.
1232 2448 1279 2487 Id
1297 2447 1466 2497 Scaliger
1485 2449 1650 2487 mutauit

255 2517 294 2554 in
333 2516 442 2562 Quin,
474 2515 777 2553 adsentientibus
810 2515 957 2552 cunctis
983 2514 1049 2564 qui
1083 2513 1235 2551 Manilii
1268 2525 1410 2564 poema
1440 2513 1652 2552 ediderunt.

253 2583 372 2631 Atqui
392 2593 547 2631 perraro
561 2581 658 2618 inter
673 2592 713 2617 se
736 2579 1024 2618 confunduntur
1039 2580 1143 2628 quod,
1156 2580 1257 2628 quin.
1289 2579 1512 2617 Videndum
1534 2579 1648 2628 igitur
