1786 2878
256 163 308 205 16
662 173 859 205 NOCTES
886 173 1219 205 MANJLIAME

249 291 373 330 Poste.
430 290 643 329 Scholiasta
671 290 723 329 ibi
752 292 781 328 εἰ
809 291 978 338 ἀσελήνου
1004 294 1118 330 νυκτὸς
1137 294 1241 337 οὔσης
1261 291 1417 337 θελήσεις
1445 293 1504 327 τὸν
1531 295 1639 339 γαλα-

251 358 328 402 ξίαν
347 357 558 405 σκέψασθαι,
575 355 603 406 ᾧ
620 359 686 394 πᾶς
700 358 925 404 διχοτομεῖται
945 359 1093 405 οὐρανός.
1130 356 1218 407 Ego
1228 357 1382 406 findens
1399 356 1511 395 etiam
1527 357 1566 394 in
1583 357 1641 395 ed.

252 422 431 461 Romana
452 422 543 460 anni
568 432 670 470 1510
693 422 836 460 inueni.

306 488 336 526 Ι.
359 489 545 536 718—720
566 488 619 526 sic
640 487 767 537 scripti
789 494 878 525 sunt
898 488 937 526 in
959 487 1111 526 Gembl.

414 552 521 590 Num
550 565 590 590 se
619 552 792 590 deductis
821 560 980 591 conetur
1009 553 1158 591 soluere
1187 553 1309 591 moles

414 618 635 657 Seminibus
664 630 824 668 raraque
852 618 983 656 labent
1012 619 1243 669 compagine
1273 619 1390 657 rimae

413 683 705 733 Admittantque
733 696 879 722 nouum
907 684 1037 723 laxato
1065 685 1235 733 tegmine
1263 684 1406 722 lumen.

309 751 384 799 718
419 749 582 787 diductis
614 748 798 798 Scaliger.
857 759 932 798 719
978 749 1223 800 Segrninibus
1257 748 1428 799 Scaliger
1455 748 1557 787 labet
1588 749 1609 787 b
1624 762 1644 787 o

252 827 445 864 compage
482 815 634 853 carinae
682 814 854 852 Vossiani
894 814 1009 861 ambo,
1046 814 1135 853 Cus.
1174 815 1194 852 b
1207 827 1236 860 0,
1281 826 1472 864 compage
1510 814 1644 852 ruinae

251 880 450 918 lisolz'nius.
509 889 586 928 720
615 887 770 930 pectore
800 879 973 917 Vossianz'
990 879 1077 918 Cus.
1098 880 1118 917 b
1131 893 1161 927 0,
1181 892 1345 929 corpore
1365 880 1460 918 Luc.
1481 878 1645 917 Ilsueller

252 947 294 983 de
313 959 345 984 r.
362 959 408 983 m.
429 958 466 995 p.
489 956 578 994 455.

307 1011 635 1049 Gemblacensem
673 1023 721 1048 ne
764 1010 826 1048 hic
865 1010 1022 1061 quidem
1061 1022 1216 1060 sequor.
1292 1009 1485 1060 Numquis
1531 1009 1645 1047 latine

253 1077 348 1116 dixit
378 1078 497 1114 rimas
527 1077 686 1114 labare?
743 1075 891 1114 Contra
923 1077 1074 1113 carinae
1103 1075 1247 1126 optime
1277 1075 1412 1113 dicitur
1440 1075 1489 1113 de
1520 1075 1645 1114 bifidis

252 1143 433 1181 lateribus
471 1142 551 1180 siue
588 1142 758 1191 partibus
796 1141 890 1179 caeli
929 1153 1027 1192 quae
1070 1148 1285 1179 rarescente
1323 1152 1512 1190 compage
1549 1141 1645 1179 caeli

253 1209 473 1258 aperiuntur
513 1208 719 1257 lumenque
763 1219 833 1257 per
871 1218 912 1244 se
948 1206 1151 1244 effundunt
1172 1218 1180 1242 :
1228 1206 1558 1255 quemadmodum
1596 1206 1646 1245 de

253 1274 384 1312 diuisis
404 1273 566 1311 nucibus
593 1272 790 1322 usurpauit
814 1271 1048 1310 uocabulum
1072 1271 1215 1308 Plinius
1234 1283 1294 1308 xv.
1317 1272 1368 1308 88
1388 1284 1543 1320 namque
1560 1275 1649 1308 sunl

252 1340 386 1390 bifidae
407 1340 639 1389 putaminum
667 1339 829 1375 carinae.
885 1337 937 1375 Et
964 1344 1133 1386 compage
1159 1336 1315 1387 quidem
1337 1349 1430 1374 usus
1455 1345 1512 1375 est
1533 1336 1645 1375 Mae-

252 1405 380 1444 robius
401 1404 448 1442 de
468 1403 633 1442 Galaxia
652 1403 784 1441 dicens
806 1402 842 1440 S.
857 1401 893 1439 S.
913 1402 937 1439 i.
962 1414 1020 1450 13.
1039 1414 1061 1448 4
1083 1401 1354 1451 Theophrastus
1372 1403 1524 1439 lacteum
1544 1403 1649 1440 dixit

253 1483 324 1508 esse
342 1477 546 1520 compagem
572 1482 645 1518 qua
673 1469 715 1506 de
739 1468 876 1506 duobus
899 1468 1176 1517 hemisphaeria
1194 1468 1290 1505 caeli
1308 1468 1463 1517 sphaera
1488 1468 1646 1505 solidata

252 1540 314 1574 est.
373 1535 413 1572 Si
442 1535 528 1584 quis
556 1546 648 1571 uero
677 1540 792 1582 neget
820 1540 989 1582 compage
1016 1545 1052 1570 u.
1075 1543 1163 1581 719,
1193 1545 1287 1570 mox
1317 1534 1527 1582 compagine
1557 1542 1648 1581 727,

254 1602 412 1639 Aeriam
433 1601 473 1637 z'n
492 1599 660 1637 nebulam
689 1599 795 1636 clara
820 1599 1030 1648 compagine
1057 1611 1198 1644 uersus,
1219 1604 1256 1636 et
1275 1610 1405 1636 rursus
1426 1600 1503 1645 840
1523 1597 1647 1636 Inter-

254 1668 340 1704 dum
355 1667 504 1715 aequali
515 1666 670 1702 laterum
685 1665 896 1714 compagine
914 1664 1043 1701 ductus
1057 1664 1231 1713 usurpari
1247 1676 1269 1701 a
1286 1663 1448 1701 Manilio
1463 1664 1645 1713 potuisse,

254 1732 358 1770 hunc
396 1731 450 1768 sic
488 1730 715 1779 redarguam
734 1743 742 1767 :
783 1730 994 1778 compagine
1031 1728 1148 1766 semel
1186 1729 1342 1778 quidem
1381 1736 1508 1766 extare
1541 1729 1647 1778 apud

255 1797 442 1836 Ouidium
472 1794 529 1832 M.
551 1795 573 1832 i.
597 1807 640 1831 21
654 1807 668 1831 1
693 1795 903 1843 compagine
922 1807 1033 1840 cerae,
1055 1793 1174 1831 semel
1193 1794 1232 1830 in
1253 1793 1475 1832 Germanici
1495 1794 1647 1832 Arateis

261 1864 348 1906 180,
362 1861 520 1899 fortasse
532 1860 646 1898 etiarn
661 1859 763 1909 apud
774 1850 934 1897 vCelsum
951 1859 996 1896 iv.
1015 1868 1034 1907 7
1050 1857 1149 1909 (14),
1167 1858 1353 1897 Senecam
1368 1859 1490 1908 Epist.
1506 1872 1566 1907 91.
1587 1872 1645 1896 12.

255 1927 308 1965 At
326 1927 365 1964 in
385 1926 472 1964 loco
491 1925 603 1963 Plinii
620 1925 672 1962 H.
687 1924 736 1962 N.
750 1925 784 1962 ii.
799 1935 821 1972 5
837 1925 1026 1961 nullarum
1041 1938 1145 1974 egens
1159 1926 1387 1974 compagium
1402 1923 1646 1964 Detlefsenus

256 1992 452 2030 reuocauit
468 2003 515 2028 ex
531 1991 684 2041 optimis
704 1990 925 2028 codicibus:
948 1997 985 2028 et
1007 1989 1162 2028 Seruius
1181 1989 1230 2027 ad
1251 1990 1349 2027 Aen.
1370 1990 1393 2027 i.
1415 2003 1489 2038 293
1511 2002 1646 2040 quam-

255 2069 373 2107 quam
394 2058 655 2107 posteritatem
680 2056 814 2094 fatetur
838 2056 1038 2094 admisisse
1062 2063 1101 2092 ut
1125 2055 1239 2093 etiam
1258 2062 1429 2104 compago
1449 2055 1645 2102 diceretur,

256 2135 346 2161 cum
358 2129 542 2172 compages
557 2122 703 2172 antiqui
722 2128 871 2159 tantum
891 2121 1087 2167 dixissent,
1104 2120 1209 2158 addit
1229 2126 1357 2158 tamen
1378 2121 1416 2157 in
1436 2120 1511 2159 fine
1528 2124 1538 2141 ‘
1551 2134 1647 2159 com-

247 2189 406 2238 paginis
423 2189 516 2225 enim
532 2200 631 2224 nemo
646 2189 792 2236 penilus
811 2187 915 2225 dixit
925 2185 951 2224 .·'
983 2199 1028 2224 ea
1048 2194 1175 2224 autem
1195 2186 1335 2236 quibus
1356 2185 1485 2224 Ouidii
1511 2199 1646 2224 uersus

257 2254 365 2292 citari
395 2254 598 2303 putabatur
632 2265 654 2290 a
693 2251 837 2298 Seruio,
869 2253 917 2289 ab
954 2251 1030 2290 hoc
1064 2263 1167 2289 nunc
1205 2250 1425 2289 abiudicant
1455 2251 1572 2290 Thilo
1609 2260 1647 2290 et

257 2319 458 2368 Hagenus.
521 2317 671 2355 Deinde
701 2317 800 2355 male
830 2317 989 2354 latinum
1017 2318 1226 2366 compagine
1254 2328 1371 2366 quare
1399 2321 1454 2353 ter
1481 2317 1647 2366 imputes

258 2383 445 2421 Manilio?
483 2383 547 2420 An
571 2383 660 2432 quia
679 2384 784 2420 semel
793 2383 896 2432 apud
915 2382 1018 2420 hunc
1039 2383 1167 2420 extat?
1203 2381 1305 2428 Quia
1324 2381 1441 2419 semel
1461 2382 1645 2431 peccauit,

258 2448 345 2486 ideo
366 2450 543 2499 semper?
575 2447 678 2485 Nam
707 2449 745 2485 in
770 2458 842 2496 727
875 2460 922 2485 ne
953 2456 1057 2486 certo
1085 2447 1242 2497 quidem
1271 2447 1412 2484 scimus
1437 2448 1648 2497 compagine

258 2526 347 2551 uere
377 2514 557 2552 traditum
585 2525 680 2559 esse,
711 2525 799 2551 cum
826 2520 984 2562 uterque
1008 2513 1220 2551 Vossianus
1241 2512 1378 2549 habeat
1397 2520 1576 2561 compage,
1605 2519 1646 2549 ut

259 2578 374 2617 alium
396 2579 510 2616 finem
531 2591 664 2617 uersus
685 2578 825 2616 habere
846 2579 1020 2627 potuerit.
