1786 2878
224 160 238 186 1
248 157 302 196 42
644 154 839 185 NOCTES
867 153 1135 184 .‘1l.-1A‹7Ll.‡1.11
1146 153 1196 183 IE

219 269 348 300 tamen
378 261 489 299 codd.
512 267 623 307 extat,
647 261 694 297 V.
718 263 767 307 64
792 260 925 298 Instar
953 262 1024 297 ers!
1043 261 1180 309 populi
1203 264 1342 308 lolaque
1369 259 1550 296 halsz'labt‘l
1574 260 1613 295 in

219 327 306 364 urhe
338 327 450 364 codd.
481 327 573 372 orbe,
605 326 652 362 V.
685 328 761 374 476
797 327 933 362 doclt'or
966 326 1054 362 urae
1086 338 1154 362 sua
1188 325 1299 362 codd.
1330 325 1422 371 orbe,
1455 324 1502 360 V.
1536 327 1614 370 650

220 393 372 428 medz'crm
400 393 605 428 melucndus
631 392 669 427 fn
700 391 835 435 urbem,
858 390 962 440 Lips.
984 398 1019 428 et
1041 388 1171 428 Voss.2
1191 391 1319 433 orbem,
1343 389 1389 427 V.
1414 400 1432 437 7
1440 402 1488 437 34
1510 389 1614 426 urbes

220 456 403 494 Manilius
433 458 534 494 orbes
562 457 686 500 codd„
712 457 759 493 V.
791 468 865 504 739
896 457 1017 492 urbem
1050 455 1233 493 Manilius
1262 455 1379 492 orbem
1411 454 1522 491 codd.
1552 453 1613 503 (3)

218 522 326 560 Dixit
353 535 445 560 sane
465 522 658 571 Vergilius
678 522 776 559 Aen.
798 522 856 558 vii.
883 534 956 569 223
984 522 1115 570 quibus
1143 525 1247 557 oclus
1275 525 1421 568 uterque
1440 519 1615 568 Europae

218 594 323 636 alque
342 588 569 637 Asz‘czefizlis
588 589 820 625 concurrerit
838 587 946 632 orbis,
964 587 1092 624 addito
1110 586 1288 623 uidelicet
1303 585 1482 634 Europae
1499 593 1614 634 atque

217 654 355 699 Asiae;
386 654 454 691 sed
483 666 562 691 non
590 653 731 691 idcirco
754 652 937 690 Manilius
963 652 1063 689 orbes
1091 652 1145 689 sic
1172 651 1274 688 nude
1301 651 1494 700 positurus
1521 656 1613 697 erat,

218 719 291 756 nisi
322 718 418 756 forte
457 719 680 768 interpretes
713 719 783 755 sibi
817 718 905 755 satis
945 717 1076 754 habuit
1114 723 1201 766 post
1239 716 1442 753 adnectere
1479 727 1616 753 uersus

219 786 308 832 680,
333 786 406 821 681
432 784 547 821 Hanc
565 784 683 821 Asiae
712 789 841 821 melam
863 785 990 833 posuit
1016 787 1153 819 natura
1172 783 1339 831 polenlz's,
1359 781 1466 828 Quod
1487 788 1614 831 super-

217 854 270 886 est
299 849 457 899 Europa
489 853 589 886 tenet.
657 848 798 887 Melius
837 848 951 887 credo
989 855 1127 898 poetae
1166 847 1371 885 consulunt
1409 847 1474 897 qui
1513 847 1615 884 orbes

218 916 512 965 interpretantur
544 914 707 952 circulos
740 914 930 964 quosdam
970 914 1050 951 siue
1088 913 1227 951 limites
1264 913 1405 962 quibus
1439 912 1614 950 diuersae

219 981 447 1030 Scytharum
477 987 611 1030 gentes
640 979 999 1018 circumcludantur.
1037 977 1098 1029 (4)
1126 978 1295 1028 Negauit
1315 978 1510 1016 Bentleius
1529 989 1614 1015 esse

216 1047 330 1084 urbes
366 1046 524 1095 Scythis.
587 1045 663 1083 Sed
695 1051 737 1082 ut
770 1045 862 1082 nihil
896 1045 1022 1083 dicam
1057 1044 1104 1082 de
1134 1043 1344 1093 Apollonia
1378 1043 1615 1081 Mesembria

218 1112 372 1150 Odesso
407 1111 594 1149 Callatide
628 1123 728 1161 quae
758 1110 975 1148 Thracicae
1009 1110 1138 1159 potius
1170 1116 1372 1155 uocantur,
1402 1108 1491 1146 audi
1520 1108 1615 1159 quid

219 1178 356 1227 Scylax
386 1177 433 1215 de
465 1176 616 1226 Scythis
650 1175 786 1213 referat
818 1176 858 1212 in
889 1175 1041 1224 Periplo
1077 1178 1127 1223 69
1166 1177 1262 1211 Μετὰ
1295 1176 1331 1211 δὲ
1363 1174 1497 1222 Θρᾴκην
1527 1175 1615 1210 εἰσὶν

216 1241 340 1276 Σκύθαι
368 1241 462 1277 ἕθνος
490 1241 544 1275 καὶ
571 1242 688 1276 πόλεις
717 1240 752 1274 ἐν
781 1240 896 1275 αὐτοῖς
922 1238 1118 1283 Ἑλληνίδες
1146 1237 1230 1273 αἵδε·
1267 1236 1422 1284 Τρίσσης
1448 1239 1613 1283 ποταμός,

217 1309 382 1342 Νεὼνειον
407 1308 516 1351 πόλις,
545 1305 722 1352 Ὀφιοῦσα
749 1306 858 1341 πόλις·
893 1305 948 1340 ἐπὶ
977 1305 1014 1339 δέ
1044 1307 1084 1348 τῇ
1114 1304 1256 1347 Σκυθικῇ
1288 1304 1461 1340 ἐποικοῦσι
1490 1306 1614 1350 Ταῦροι

216 1373 321 1417 ἔθνος,
344 1371 547 1419 ἀκρωτήριον
565 1373 624 1416 τῆς
643 1369 794 1417 ἠπείρου·
818 1370 864 1406 εἷς
887 1370 1057 1405 θάλατταν
1081 1370 1118 1405 δέ
1139 1370 1178 1404 τὸ
1205 1368 1411 1415 ἀκρωτήριόν
1434 1369 1521 1405 ἐστι.
1577 1369 1616 1403 ἓν

216 1438 253 1473 δέ
287 1440 326 1483 τῇ
359 1439 502 1484 Ταυρικῇ
539 1437 689 1471 οἰκοῦσιν
716 1435 883 1480 ’Έλληνες
917 1433 986 1485 (καὶ
1019 1436 1137 1471 πόλεις
1169 1433 1294 1482 suppl.
1315 1431 1497 1483 Vossius)
1528 1432 1613 1469 αἵδε·

216 1505 430 1550 Χερρόνησος
448 1503 621 1549 ἐμπόριον,
643 1503 748 1548 Κριοῦ
769 1501 947 1545 Μέτωπον,
968 1499 1172 1547 ἀκρωτήριον
1191 1501 1250 1544 τῆς
1267 1500 1440 1546 Ταυρικῆς·
1470 1500 1555 1544 μετὰ
1575 1499 1612 1533 δέ

215 1569 319 1603 ταῦτά
338 1569 406 1603 εἶσι
426 1567 549 1602 Σκύθαι
567 1568 680 1603 πάλιν.
734 1568 853 1603 πόλεις
873 1567 908 1601 δέ
927 1565 1124 1610 Ἑλληνίδες
1147 1563 1219 1600 αἵδε
1245 1565 1280 1600 ἐν
1303 1565 1399 1610 αὐτῇ·
1430 1564 1610 1608 Θεοδοσία,

218 1632 355 1676 Κυταία,
375 1632 428 1666 καὶ
448 1630 624 1678 Νύμφαια.
680 1630 940 1674 Παντικάπαιον,
962 1627 1187 1675 Μυρμὴκειον.

270 1696 339 1733 IV.
363 1698 440 1732 680

378 1777 563 1825 Aequora
591 1782 628 1812 et
656 1782 870 1812 extremum
902 1773 1159 1823 Propontidos
1189 1772 1501 1821 Hellespontum.

218 1859 383 1896 Iacobus
402 1863 607 1896 extremum
632 1870 742 1905 usque
766 1855 951 1894 coniecit:
982 1855 1107 1904 possis
1137 1855 1251 1891 etiam
1280 1859 1484 1892 extremum
1515 1855 1610 1899 inde,

215 1924 276 1961 uel
297 1925 378 1960 inde
397 1927 573 1961 exlrcma.
607 1919 677 1974 [ad
691 1926 962 1969 extremumque
980 1920 1228 1969 Proponlz'dos
1244 1919 1299 1956 H.
1319 1917 1609 1970 Rossbergius]

271 1989 340 2028 IV.
362 1990 547 2033 682-684
573 1988 626 2025 sic
648 1987 772 2025 traditi
794 1994 881 2024 sunt
901 1987 940 2023 in
961 1985 1114 2023 Gembl.

377 2070 496 2117 Quod
524 2077 698 2119 superest
727 2081 872 2118 europa
902 2076 1004 2106 tenet
1033 2080 1132 2117 quae
1162 2068 1287 2117 prima
1317 2073 1514 2104 natantem

378 2136 574 2173 Fluctibus
602 2135 752 2185 excepit
782 2135 916 2173 Iouem
946 2142 1173 2183 taurumque
1204 2133 1361 2170 resoluit

378 2201 553 2239 Pondere
582 2213 696 2250 passa
724 2213 794 2238 suo
825 2201 924 2250 signi
953 2200 1136 2249 onerique
1167 2199 1322 2236 iuuauit.

272 2287 348 2333 683
379 2283 603 2333 excepitque
623 2283 722 2319 codd.
736 2283 905 2331 plerique
924 2281 1080 2319 resoluit
1099 2282 1197 2318 codd.
1218 2293 1338 2318 omncs
1366 2280 1505 2317 resolui
1535 2292 1608 2328 ego.

218 2353 294 2397 684
327 2350 503 2399 signique
533 2349 718 2397 onerique
751 2347 840 2385 Cus.
870 2360 890 2385 o
921 2348 1049 2396 sigmo
1078 2347 1235 2396 uerique
1275 2345 1388 2382 Voss-,2
1418 2346 1609 2394 signoque

217 2417 400 2465 onerique
440 2413 549 2452 Voss.1
581 2414 601 2451 b
660 2414 803 2451 iuuauit
836 2413 936 2450 codd.
965 2425 1084 2450 omnes
1111 2411 1252 2449 leuauit
1282 2409 1472 2448 Stoeberus
1501 2410 1608 2447 Tau-

217 2493 378 2530 rumque
413 2480 608 2517 resoluens
639 2478 836 2525 Quaerere
866 2490 979 2527 passa
1009 2477 1078 2515 sibi
1107 2484 1164 2515 est
1193 2476 1368 2526 ignisque
1398 2476 1606 2524 onerisque

218 2547 397 2583 iuuamen
427 2545 587 2582 Ichell'us
617 2543 795 2582 Condere
830 2555 943 2592 passa
979 2554 1069 2580 suos
1104 2542 1202 2591 ignis
1232 2541 1451 2590 Venerique
1486 2540 1606 2588 iugari
