1786 2878
785 130 866 171 249

384 359 489 406 AD
539 359 822 407 MAXIMI
873 359 973 416 περὶ
1005 363 1264 420 7καταρχῶν.

187 504 260 542 145
282 505 364 543 sqq.
385 494 444 531 ed.
466 494 651 531 Ludwich
673 492 876 543 (Teubner
902 492 1020 545 1877)

290 561 331 595 Εἷ
358 561 419 606 μέν
446 561 477 607 γ’
508 561 702 607 εἶαρινοῖσιν
731 561 766 594 ἐν
794 561 964 606 ἅστροσιν
991 560 1154 607 Ἀρνειοῖο

290 627 475 671 Πασιφαὴς
504 629 629 662 εἶλοῖτο
657 629 792 673 βροτοῖς
819 627 940 661 πανδῖα
970 626 1107 670 Σελήνη,

289 690 439 727 Ὁτι-πότε
467 707 518 728 τις
546 692 658 740 νούσῳ
686 691 850 738 ἀρημένος·
877 691 1087 738 ἀλγινοέσσῃ

287 755 474 804 Ἀργαλέηυ
502 756 625 803 ἰ’σχῃσι
652 758 830 801 μεληδόνα,
860 757 903 802 μή
934 756 972 791 νύ
1000 772 1033 791 τι
1060 759 1152 802 πῆμα

290 823 481 869 Δειδέχθαι·
519 826 633 858 Παιὼν
660 823 726 870 γὰρ
755 823 926 868 ἐναίσιμος
954 823 1182 869 ἀνθρώποισιν

185 896 259 934 150
288 889 366 927 ΤΕἷ
395 888 434 923 δέ
458 903 494 923 τε
523 887 572 925 οἷς
601 903 656 923 κεν
682 889 781 922 τοῦδε
810 888 877 922 κατ’
908 889 1060 922 εἰδώλοιο
1089 889 1232 935 φέρηται
1256 915 1258 917 -

288 954 455 1000 Εὐδερκὴς
484 956 653 1000 κερόεσσα
673 954 832 997 Σεληναίη
853 955 1083 990 κλυτόπωλος.

126 1016 256 1054 Verba
276 1029 376 1067 quae
399 1019 512 1056 obelo
537 1018 684 1067 signaui
704 1017 910 1055 Doruillius
936 1018 989 1055 sic
1016 1017 1246 1054 emendabat
1265 1018 1324 1053 Ἐν
1347 1018 1384 1053 δέ
1408 1034 1444 1053 τε
1468 1017 1517 1056 οἷς

126 1098 191 1129 κεν,
213 1082 464 1121 Hermannus
484 1084 542 1119 Ἐν
566 1084 603 1119 δέ
628 1084 657 1119 θ’
678 1084 774 1120 ὅσοις
799 1099 853 1119 κεν
886 1082 1107 1120 Gerhardus
1128 1084 1168 1118 Εἰ
1194 1084 1230 1118 δέ
1256 1084 1374 1130 θέρους
1399 1099 1465 1128 κεν,
1488 1086 1517 1119 εἷ

125 1150 165 1185 δέ
188 1150 217 1185 τ’
245 1151 321 1196 ἔοις,
349 1153 398 1196 ἤν,
426 1150 494 1186 εἴθε
523 1150 552 1185 δ’
575 1152 651 1195 ἔοις,
676 1152 726 1195 ἥν,
751 1149 783 1185 εἴ
809 1165 865 1185 κεν
893 1151 970 1195 ἕοις,
994 1150 1034 1194 ἢν
1061 1148 1124 1186 alii
1153 1161 1212 1198 ap.
1235 1148 1513 1187 Ludwichium.

126 1213 269 1253 Omnia
306 1215 399 1254 haec
442 1215 679 1265 repudianda
722 1226 890 1253 censeo:
939 1214 1087 1264 scripsit
1125 1214 1322 1253 Maximus
1368 1215 1514 1261 Εἵδεται,

125 1279 174 1318 οἷς
203 1296 266 1318 KH!-

423 1494 526 1541 AD
577 1494 840 1542 AVIENI
893 1494 1218 1542 ARATEA.

176 1623 348 1661 Auienus
374 1623 547 1660 uersibus
576 1625 650 1670 807
674 1635 756 1672 sqq.
779 1622 825 1659 de
846 1623 956 1660 turba
975 1622 1143 1672 quadam
1167 1622 1359 1660 stellarum
1381 1623 1513 1659 dicens

122 1701 221 1738 quae
244 1701 315 1727 nec
342 1689 505 1726 formam
525 1689 708 1726 haberent
734 1700 804 1726 nec
832 1694 936 1725 certo
959 1689 1117 1725 nomine
1138 1688 1387 1737 signarentur,
1410 1688 1513 1725 hunc

121 1766 276 1792 uersum
297 1753 440 1792 addidit
459 1754 499 1791 in
520 1754 595 1791 fine

284 1819 369 1858 Nec
399 1819 640 1869 expectanda
668 1818 792 1857 forent
821 1826 944 1868 ponto
973 1819 1078 1869 quod
1108 1819 1188 1857 sola
1217 1826 1398 1857 carerent.

122 1885 200 1923 Hic
221 1886 301 1922 iure
321 1885 481 1923 offendit
497 1885 727 1935 Breysigius‚
743 1884 848 1934 quod
863 1897 934 1922 nec
946 1890 1058 1933 ponto
1079 1898 1202 1922 carere
1223 1886 1302 1922 siue
1324 1884 1511 1929 occidere,

121 1963 193 1988 nec
213 1952 316 1997 solae,
338 1963 427 1989 cum
447 1963 482 1988 u.
511 1964 523 1987 1
537 1960 583 1998 15
605 1962 711 1988 ursas
732 1950 865 1987 dixerit
886 1952 1006 1987 nescia
1033 1952 1141 2000 signa
1169 1953 1298 1996 maris,
1324 1963 1413 1988 uere
1441 1950 1513 1988 dici

122 2016 314 2066 potuerint
334 2016 406 2054 hae
428 2016 568 2054 stellae.
624 2016 759 2065 Itaque
783 2016 956 2065 suspicor
983 2017 1231 2054 scribendum
1258 2028 1342 2054 esse
1362 2020 1511 2065 puncto,

121 2090 159 2118 et
187 2083 383 2131 spectanda
411 2094 481 2131 pro
510 2082 747 2130 expectanda,
774 2080 847 2118 hac
876 2081 1164 2130 significatione,
1185 2094 1310 2132 neque
1340 2089 1418 2118 erat
1446 2093 1512 2118 cur

121 2147 216 2185 haec
236 2147 362 2185 sidera
382 2148 467 2198 quis
488 2147 702 2196 spectando
722 2146 932 2194 indagaret,
955 2160 1044 2184 cum
1065 2148 1146 2185 sola
1167 2153 1340 2185 carerent
1360 2147 1512 2195 magni-

121 2213 262 2259 tudine,
283 2225 360 2263 qua
379 2225 477 2262 opus
497 2219 552 2250 est
573 2212 759 2250 sideribus
783 2218 823 2248 ut
850 2213 952 2249 cerni
978 2213 1137 2261 possint.
1194 2212 1297 2249 Nam
1324 2219 1510 2261 punctum

120 2289 208 2315 cum
230 2279 388 2316 minima
418 2279 464 2315 sit
487 2290 573 2327 pars
600 2277 734 2322 lineae,
756 2289 826 2314 nec
855 2277 1092 2316 latitudinem
1120 2279 1265 2315 habens
1292 2289 1362 2315 nec
1387 2278 1510 2325 longi-

121 2343 304 2389 tudinem,
328 2356 407 2382 non
432 2343 594 2381 absurde
622 2343 777 2392 ponitur
808 2343 855 2380 de
884 2356 930 2381 ea
959 2344 1222 2393 magnitudine
1254 2355 1352 2392 quae
1379 2349 1509 2392 utpote

122 2409 281 2446 minima
301 2409 330 2447 si
351 2410 458 2456 absit,
481 2409 576 2458 fugit
598 2421 656 2446 res
677 2410 811 2447 oculos
833 2422 903 2447 nec
924 2410 1029 2447 uenit
1050 2410 1088 2446 in
1108 2416 1368 2458 conspectum.
