1786 2878
223 140 278 180 60
637 148 835 180 NOCTE-5
863 148 1194 179 MANJLIANAE

388 254 509 292 Cuius
539 253 642 291 enim
671 253 802 291 stellae
833 253 871 290 in
902 253 978 290 fine
1007 254 1082 291 sint
1112 254 1248 303 sydere
1273 265 1428 304 quoque

386 320 596 357 Inciderint
626 319 731 356 dabit
758 319 916 357 effectus
946 319 984 356 in
1014 320 1158 357 uiribus
1187 320 1281 357 eius.
1458 317 1463 321 ’

282 406 357 446 745
389 397 558 446 quinque
573 403 644 445 pro
658 395 895 446 quandoque
915 409 933 433 ο
952 395 1079 434 locata
1093 403 1150 433 est
1177 394 1291 433 Voss.2
1351 396 1427 443 746
1458 395 1622 433 decebat

224 477 243 500 ο
314 472 389 510 747
410 464 464 499 sz'c
482 467 590 500 extat
607 462 645 498 in
667 475 685 499 0
706 462 826 499 Cuius
846 462 950 499 enim
970 462 1075 499 stelle
1096 462 1134 499 in
1155 462 1228 498 fine
1250 467 1338 504 sunt
1360 461 1495 510 sydere
1516 460 1623 508 Τῷξῳ

224 540 381 578 quoque
410 528 474 564 sed
498 532 540 564 ul
556 529 722 576 poluerit
732 528 861 577 ficz'sse
890 534 1019 576 quoto.
1069 529 1143 575 748
1169 527 1310 564 uiribus
1334 530 1418 575 post
1443 539 1622 562 rasuram

225 594 398 631 uocabulz'
412 594 512 642 quod
518 594 634 642 prius
653 593 984 643 scrzplumsueral
1005 594 1171 641 nigriore
1198 597 1402 630 alramenlo
1420 596 1622 630 exaralum

225 661 371 696 uidetur
391 661 429 696 z'n
446 658 534 696 Cus.
556 659 751 696 mentibus
781 672 800 696 0
829 659 975 696 ortibus
1007 657 1120 696 Voss.¹

280 724 471 773 Loquitur
491 724 552 761 hic
577 731 696 774 poeta
716 723 764 761 de
789 723 907 761 altera
929 724 1057 773 specie
1079 723 1496 768 dodecatemoriorum,
1518 721 1624 771 quod

225 796 282 828 est
302 790 643 828 dodecatemorion
664 790 704 826 in
726 789 1053 827 dodecatemorio.
1110 789 1155 825 Id
1176 789 1289 838 quale
1310 790 1356 825 sit
1377 788 1477 826 clare
1502 787 1624 836 expli-

225 856 326 894 cauit
346 855 512 892 Iacobus
533 855 571 891 in
593 852 736 904 figurab
751 854 902 892 tabulae
924 855 974 893 ΙΙ.
1017 854 1154 904 Neque
1175 867 1249 903 ego
1266 853 1478 903 quidquam
1499 853 1626 889 habeo

225 921 331 971 quod
347 920 540 970 proferam
555 920 601 958 de
615 932 704 957 meo
718 921 789 958 nisi
805 927 845 957 ut
865 933 901 957 u.
913 930 985 968 747
1003 920 1237 958 contendam
1254 919 1361 956 aliter
1377 918 1625 956 scribendum

226 999 312 1024 esse
333 998 450 1036 quam
470 993 535 1023 aut
555 985 729 1024 Bentleio
758 987 884 1023 uisum
905 993 963 1024 est
987 993 1051 1023 aut
1079 986 1238 1023 Iacobo.
1268 1030 1270 1033 .
1295 984 1492 1022 Bentleius
1522 984 1625 1020 enim

226 1054 281 1091 sic
303 1053 419 1090 edidit

391 1118 510 1155 Cuius
539 1118 644 1155 enim
674 1117 781 1155 stella
810 1118 849 1154 in
878 1117 974 1155 fines
1004 1117 1043 1153 in
1074 1116 1196 1154 sidere
1226 1128 1382 1166 quoque

391 1183 584 1230 Inciderit,
615 1183 719 1220 dabit
749 1183 908 1221 effectus
937 1183 976 1219 in
1005 1182 1150 1219 uiribus
1179 1182 1272 1227 eius,

227 1262 328 1300 quae
359 1250 414 1286 sic
444 1250 714 1299 interpretatus
737 1256 818 1286 est:
851 1249 984 1286 ‘cuius
1013 1248 1116 1285 enim
1138 1246 1441 1285 dodecatemorii
1471 1246 1508 1282 in
1531 1245 1626 1282 fines

227 1314 334 1352 stella
354 1315 540 1360 inciderit,
563 1315 668 1352 dabit
697 1314 790 1351 illud
810 1313 969 1351 effectus
991 1325 1082 1350 suos
1112 1325 1184 1362 pro
1203 1313 1346 1349 uiribus
1367 1312 1448 1349 eius
1470 1310 1627 1348 stellae.'

228 1380 334 1418 Nihil
354 1380 427 1418 hoc
450 1380 588 1418 elarius
604 1393 613 1426 3
635 1380 703 1418 sed
724 1392 804 1418 non
826 1379 949 1430 placet
969 1380 1009 1416 in
1029 1388 1084 1417 ter
1105 1380 1320 1428 repetitum,
1342 1390 1412 1415 nec
1432 1378 1535 1414 stella
1556 1388 1627 1426 pro

226 1458 275 1484 eo
295 1446 401 1496 quod
423 1446 515 1484 dant
535 1446 690 1484 codices
710 1447 841 1482 stellae.

284 1511 454 1557 Rectius,
486 1524 548 1549 me
577 1512 713 1557 iudice,
743 1511 909 1549 Iacobus
938 1509 1037 1556 fecit,
1068 1510 1131 1560 qui
1161 1515 1309 1547 retento
1335 1509 1467 1554 stellae,
1497 1508 1628 1546 locum

228 1578 282 1615 sic
312 1577 541 1626 explicauit:
574 1577 705 1615 ‘cuius
734 1577 773 1613 in
799 1576 926 1613 stellae
954 1576 1049 1613 fines
1077 1575 1420 1613 dodecatomorion
1445 1573 1628 1619 inciderit,

228 1644 311 1680 eius
332 1643 460 1680 stellae
482 1643 581 1680 uires
602 1642 729 1680 dabit?
789 1642 865 1679 Sed
886 1654 935 1679 ne
957 1642 1009 1679 sic
1031 1641 1189 1690 quidem
1210 1640 1348 1690 triplex
1368 1641 1407 1677 in
1427 1639 1520 1678 fero.

285 1709 382 1746 Mihi
412 1709 565 1746 uidetur
595 1709 779 1746 Manilius
808 1709 861 1746 sic
891 1707 1108 1757 scripsisse:

393 1774 513 1812 Cuius
543 1775 646 1812 enirn
677 1774 808 1811 stellae
837 1774 876 1810 in
906 1773 1002 1810 fines
1031 1772 1096 1809 sub
1126 1771 1247 1809 sidere
1277 1782 1434 1821 quoque

392 1840 585 1886 Inciderit,
616 1839 721 1876 dabit
749 1839 908 1877 effectus
938 1838 977 1874 in
1006 1838 1152 1874 uiribus
1182 1837 1262 1874 eius

229 1906 267 1944 h.
287 1919 318 1943 e.
335 1906 443 1943 cuius
470 1906 573 1943 enim
595 1905 769 1954 planetae
797 1904 836 1941 in
856 1904 952 1941 fines
973 1902 1327 1948 dodecatemorion,
1349 1901 1455 1951 quod
1484 1901 1546 1939 hic
1573 1908 1630 1939 est

231 1972 365 2022 quinta
395 1983 482 2020 pars
514 1970 828 2014 dodecatemorii,
861 1969 1035 2006 inciderit
1061 1969 1100 2005 in
1130 1980 1379 2017 quocumque
1410 1968 1522 2016 signo
1555 1966 1627 2004 Zo-

231 2037 342 2082 diaci,
373 2037 404 2074 is
437 2036 593 2085 planeta
628 2036 734 2073 dabit
763 2035 921 2073 effectus
951 2035 990 2072 in
1024 2034 1169 2071 uiribus
1203 2035 1283 2071 eius
1317 2033 1630 2071 dodecatemorii.

232 2102 317 2140 Nisi
336 2104 460 2139 mauis
481 2114 528 2138 ex
550 2115 569 2138 ο
589 2113 775 2150 reponere
789 2101 856 2138 sub
877 2101 994 2137 sidere
1015 2104 1095 2145 tolo,
1112 2107 1148 2137 et
1164 2099 1203 2136 in
1221 2102 1296 2146 748
1320 2099 1505 2144 mentibus,
1524 2098 1631 2148 quod

233 2168 335 2206 idem
356 2181 374 2205 0
395 2167 520 2212 habet,
542 2167 579 2204 in
601 2167 755 2203 molibus
781 2166 989 2215 refingere:
1031 2166 1140 2203 cuius
1166 2164 1345 2215 planetae
1372 2164 1412 2201 in
1441 2164 1537 2201 fines
1563 2163 1630 2201 do-

233 2233 523 2271 decatemorion
553 2232 727 2270 inciderit
761 2232 833 2269 sub
862 2231 999 2281 quauis
1028 2237 1135 2280 parte
1165 2242 1213 2268 ex
1244 2230 1436 2267 duodenis
1465 2230 1504 2266 in
1534 2241 1631 2278 quas

232 2299 384 2349 singula
413 2299 523 2347 signa
552 2298 752 2335 distributa
781 2304 870 2334 sunt
897 2296 979 2347 (sub
1007 2297 1124 2334 sidere
1149 2293 1245 2346 tolo),
1273 2294 1378 2332 dabit
1407 2293 1630 2343 (dodecate-

233 2363 403 2413 morion)
424 2364 581 2402 effectus
601 2363 640 2400 in
662 2363 829 2401 motibus
849 2363 929 2400 eius
951 2360 1170 2412 (planetae).
1213 2360 1270 2398 Cf.
1289 2362 1367 2409 969
1388 2360 1509 2397 stellae
1533 2359 1631 2406 Quos

233 2431 391 2467 reddam
409 2434 534 2466 motus.
585 2428 790 2477 Potuitque
806 2428 872 2464 sub
893 2429 930 2464 iu
951 2431 1038 2464 sunt
1050 2427 1110 2464 uel
1130 2428 1208 2463 sz'm‘
1225 2426 1443 2474 corrumpi:
1476 2426 1528 2463 sic
1554 2427 1627 2462 282

233 2495 319 2533 cod.
342 2495 538 2532 Parisinus
557 2494 672 2531 habet
692 2494 758 2530 sub
778 2494 953 2530 st‘mz'lz'ct
973 2493 1009 2529 in
1031 2505 1149 2541 marg.
1171 2496 1265 2535 sunl,
1289 2498 1383 2528 teste
1406 2490 1602 2528 Stoebero.

291 2560 402 2598 Haec
424 2560 454 2599 si
475 2572 566 2598 uera
588 2566 687 2606 sunt,
701 2559 851 2596 inuertit
871 2566 985 2608 poeta
1001 2548 1100 2607 quae
1121 2557 1266 2595 dixerat
1288 2557 1325 2594 in
1351 2566 1436 2606 745,
1460 2558 1493 2593 6.
1527 2555 1629 2593 Nam
