<?xml version="1.0" encoding="UTF-8"?>
<!DOCTYPE html PUBLIC "-//W3C//DTD XHTML 1.0 Transitional//EN"
    "http://www.w3.org/TR/xhtml1/DTD/xhtml1-transitional.dtd">
<html xmlns="http://www.w3.org/1999/xhtml" xml:lang="en" lang="en">
 <head>
  <title>
</title>
<meta http-equiv="Content-Type" content="text/html;charset=utf-8" />
  <meta name='ocr-system' content='tesseract 3.04.00' />
  <meta name='ocr-capabilities' content='ocr_page ocr_carea ocr_par ocr_line ocrx_word'/>
</head>
<body>
  <div class='ocr_page' id='page_1' title='image "./noctesmanilianae00elliuoft_0017.png"; bbox 0 0 1786 2878; ppageno 0'>
   <div class='ocr_carea' id='block_1_1' title="bbox 566 727 994 776">
    <p class='ocr_par' dir='ltr' id='par_1_1' title="bbox 566 727 994 776">
     <span class='ocr_line' id='line_1_1' title="bbox 566 727 994 776; baseline -0.002 0"><span class='ocrx_word' id='word_1_1' title='bbox 566 727 994 776; x_wconf 87' lang='lat' dir='ltr'><strong>EDITIONES.</strong></span> 
     </span>
    </p>
   </div>
   <div class='ocr_carea' id='block_1_2' title="bbox 131 893 1480 2438">
    <p class='ocr_par' dir='ltr' id='par_1_2' title="bbox 132 893 1479 996">
     <span class='ocr_line' id='line_1_2' title="bbox 132 893 1479 942; baseline -0.003 -11"><span class='ocrx_word' id='word_1_2' title='bbox 132 898 362 942; x_wconf 57' lang='lat' dir='ltr'>ngiommt.</span> <span class='ocrx_word' id='word_1_3' title='bbox 402 896 480 930; x_wconf 89' lang='lat' dir='ltr'>‘Ex</span> <span class='ocrx_word' id='word_1_4' title='bbox 511 895 657 931; x_wconf 86' lang='lat' dir='ltr'>officina</span> <span class='ocrx_word' id='word_1_5' title='bbox 690 895 865 930; x_wconf 80' lang='lat' dir='ltr'>Iohannis</span> <span class='ocrx_word' id='word_1_6' title='bbox 893 896 940 929; x_wconf 92' lang='lat' dir='ltr'>de</span> <span class='ocrx_word' id='word_1_7' title='bbox 972 893 1192 938; x_wconf 78' lang='lat' dir='ltr'>Regiomote</span> <span class='ocrx_word' id='word_1_8' title='bbox 1223 893 1412 928; x_wconf 77' lang='lat' dir='ltr'>habitante</span> <span class='ocrx_word' id='word_1_9' title='bbox 1444 893 1479 927; x_wconf 89' lang='lat' dir='ltr'>in</span> 
     </span>
     <span class='ocr_line' id='line_1_3' title="bbox 227 949 1189 996; baseline -0.003 -10"><span class='ocrx_word' id='word_1_10' title='bbox 227 954 261 986; x_wconf 93' lang='lat' dir='ltr'>N</span> <span class='ocrx_word' id='word_1_11' title='bbox 267 952 483 996; x_wconf 84' lang='lat' dir='ltr'>uremberga</span> <span class='ocrx_word' id='word_1_12' title='bbox 500 951 638 996; x_wconf 85' lang='lat' dir='ltr'>oppido</span> <span class='ocrx_word' id='word_1_13' title='bbox 657 951 856 993; x_wconf 62' lang='lat' dir='ltr'>Germanic</span> <span class='ocrx_word' id='word_1_14' title='bbox 875 949 1189 985; x_wconf 54' lang='lat' dir='ltr'>celebratissimos</span> 
     </span>
    </p>

    <p class='ocr_par' dir='ltr' id='par_1_3' title="bbox 181 1007 911 1052">
     <span class='ocr_line' id='line_1_4' title="bbox 181 1007 911 1052; baseline -0.003 -10"><span class='ocrx_word' id='word_1_15' title='bbox 181 1009 368 1052; x_wconf 87' lang='lat' dir='ltr'>Impressa</span> <span class='ocrx_word' id='word_1_16' title='bbox 385 1007 545 1042; x_wconf 89' lang='lat' dir='ltr'>creditur</span> <span class='ocrx_word' id='word_1_17' title='bbox 561 1020 596 1042; x_wconf 86' lang='lat' dir='ltr'>a.</span> <span class='ocrx_word' id='word_1_18' title='bbox 618 1016 704 1050; x_wconf 82' lang='lat'>1472</span> <span class='ocrx_word' id='word_1_19' title='bbox 726 1008 911 1051; x_wconf 79' lang='lat' dir='ltr'>(Brunet).</span> 
     </span>
    </p>

    <p class='ocr_par' dir='ltr' id='par_1_4' title="bbox 131 1060 1220 1108">
     <span class='ocr_line' id='line_1_5' title="bbox 131 1060 1220 1108; baseline -0.004 -10"><span class='ocrx_word' id='word_1_20' title='bbox 131 1064 251 1108; x_wconf 62' lang='lat' dir='ltr'>[Veap.</span> <span class='ocrx_word' id='word_1_21' title='bbox 279 1063 288 1080; x_wconf 89' lang='lat'>‘</span> <span class='ocrx_word' id='word_1_22' title='bbox 302 1064 529 1108; x_wconf 87' lang='lat' dir='ltr'>Impressum</span> <span class='ocrx_word' id='word_1_23' title='bbox 546 1062 691 1107; x_wconf 87' lang='lat' dir='ltr'>neapuli</span> <span class='ocrx_word' id='word_1_24' title='bbox 710 1073 775 1107; x_wconf 89' lang='lat' dir='ltr'>per</span> <span class='ocrx_word' id='word_1_25' title='bbox 795 1062 973 1096; x_wconf 89' lang='lat' dir='ltr'>Iodocum</span> <span class='ocrx_word' id='word_1_26' title='bbox 991 1060 1220 1105; x_wconf 87' lang='lat' dir='ltr'>hoensteyn.&#39;</span> 
     </span>
    </p>

    <p class='ocr_par' dir='ltr' id='par_1_5' title="bbox 181 1117 867 1162">
     <span class='ocr_line' id='line_1_6' title="bbox 181 1117 867 1162; baseline -0.004 -8"><span class='ocrx_word' id='word_1_27' title='bbox 181 1119 289 1154; x_wconf 90' lang='lat' dir='ltr'>Circa</span> <span class='ocrx_word' id='word_1_28' title='bbox 305 1130 339 1153; x_wconf 90' lang='lat' dir='ltr'>a.</span> <span class='ocrx_word' id='word_1_29' title='bbox 362 1126 446 1162; x_wconf 84' lang='lat'>1475</span> <span class='ocrx_word' id='word_1_30' title='bbox 470 1118 637 1161; x_wconf 88' lang='lat' dir='ltr'>(Brunet‚</span> <span class='ocrx_word' id='word_1_31' title='bbox 657 1117 867 1162; x_wconf 78' lang='lat' dir='ltr'>Quaritch).</span> 
     </span>
    </p>

    <p class='ocr_par' dir='ltr' id='par_1_6' title="bbox 131 1170 1480 1497">
     <span class='ocr_line' id='line_1_7' title="bbox 131 1170 1479 1209; baseline -0.004 0"><span class='ocrx_word' id='word_1_32' title='bbox 131 1175 375 1209; x_wconf 82' lang='lat' dir='ltr'>Bonz&#39;ncontr.</span> <span class='ocrx_word' id='word_1_33' title='bbox 403 1173 413 1190; x_wconf 94' lang='lat'>‘</span> <span class='ocrx_word' id='word_1_34' title='bbox 427 1173 613 1208; x_wconf 88' lang='lat' dir='ltr'>Laurentii</span> <span class='ocrx_word' id='word_1_35' title='bbox 633 1200 640 1208; x_wconf 94' lang='lat'><em>.</em></span> <span class='ocrx_word' id='word_1_36' title='bbox 657 1172 911 1207; x_wconf 84' lang='lat' dir='ltr'>Eonincontrii</span> <span class='ocrx_word' id='word_1_37' title='bbox 931 1199 938 1206; x_wconf 91' lang='lat'><strong><em>.</em></strong></span> <span class='ocrx_word' id='word_1_38' title='bbox 956 1170 1192 1206; x_wconf 90' lang='lat' dir='ltr'>Miniatensis</span> <span class='ocrx_word' id='word_1_39' title='bbox 1208 1197 1215 1204; x_wconf 95' lang='lat'>.</span> <span class='ocrx_word' id='word_1_40' title='bbox 1233 1172 1286 1204; x_wconf 91' lang='lat' dir='ltr'>In.</span> <span class='ocrx_word' id='word_1_41' title='bbox 1303 1171 1344 1205; x_wconf 91' lang='lat' dir='ltr'>C.</span> <span class='ocrx_word' id='word_1_42' title='bbox 1359 1171 1479 1205; x_wconf 85' lang='lat' dir='ltr'>Mani-</span> 
     </span>
     <span class='ocr_line' id='line_1_8' title="bbox 225 1225 1479 1272; baseline -0.004 -8"><span class='ocrx_word' id='word_1_43' title='bbox 225 1229 313 1264; x_wconf 90' lang='lat' dir='ltr'>lium</span> <span class='ocrx_word' id='word_1_44' title='bbox 336 1255 345 1263; x_wconf 91' lang='lat'><strong>.</strong></span> <span class='ocrx_word' id='word_1_45' title='bbox 369 1230 592 1264; x_wconf 88' lang='lat' dir='ltr'>Comentum</span> <span class='ocrx_word' id='word_1_46' title='bbox 616 1255 624 1263; x_wconf 89' lang='lat'><strong>.</strong></span> <span class='ocrx_word' id='word_1_47' title='bbox 649 1230 770 1263; x_wconf 87' lang='lat' dir='ltr'>Rome</span> <span class='ocrx_word' id='word_1_48' title='bbox 788 1228 1009 1272; x_wconf 89' lang='lat' dir='ltr'>impressum</span> <span class='ocrx_word' id='word_1_49' title='bbox 1038 1253 1046 1261; x_wconf 87' lang='lat'><strong>.</strong></span> <span class='ocrx_word' id='word_1_50' title='bbox 1068 1228 1178 1261; x_wconf 86' lang='lat' dir='ltr'>Anno</span> <span class='ocrx_word' id='word_1_51' title='bbox 1195 1225 1334 1260; x_wconf 85' lang='lat' dir='ltr'>domini</span> <span class='ocrx_word' id='word_1_52' title='bbox 1363 1253 1371 1260; x_wconf 90' lang='lat'><strong>.</strong></span> <span class='ocrx_word' id='word_1_53' title='bbox 1395 1227 1479 1260; x_wconf 83' lang='lat' dir='ltr'>Mil-</span> 
     </span>
     <span class='ocr_line' id='line_1_9' title="bbox 224 1281 1480 1330; baseline -0.003 -11"><span class='ocrx_word' id='word_1_54' title='bbox 224 1283 1111 1330; x_wconf 85' lang='lat' dir='ltr'>lesimoquadringentesimooctuagesimoquarto</span> <span class='ocrx_word' id='word_1_55' title='bbox 1175 1308 1183 1316; x_wconf 95' lang='lat'><strong>.</strong></span> <span class='ocrx_word' id='word_1_56' title='bbox 1249 1281 1409 1316; x_wconf 85' lang='lat' dir='ltr'>Sedente</span> <span class='ocrx_word' id='word_1_57' title='bbox 1472 1308 1480 1316; x_wconf 90' lang='lat'><strong>.</strong></span> 
     </span>
     <span class='ocr_line' id='line_1_10' title="bbox 227 1339 1479 1384; baseline -0.004 -7"><span class='ocrx_word' id='word_1_58' title='bbox 227 1343 443 1377; x_wconf 86' lang='lat' dir='ltr'>Innocentio</span> <span class='ocrx_word' id='word_1_59' title='bbox 460 1349 593 1377; x_wconf 90' lang='lat' dir='ltr'>octauo</span> <span class='ocrx_word' id='word_1_60' title='bbox 620 1368 628 1375; x_wconf 97' lang='lat'>.</span> <span class='ocrx_word' id='word_1_61' title='bbox 651 1342 828 1376; x_wconf 83' lang='lat' dir='ltr'>Pontifice</span> <span class='ocrx_word' id='word_1_62' title='bbox 844 1341 1007 1375; x_wconf 78' lang='lat' dir='ltr'>maximo</span> <span class='ocrx_word' id='word_1_63' title='bbox 1032 1366 1040 1374; x_wconf 88' lang='lat'><strong>.</strong></span> <span class='ocrx_word' id='word_1_64' title='bbox 1062 1341 1172 1374; x_wconf 79' lang='lat' dir='ltr'>Anno</span> <span class='ocrx_word' id='word_1_65' title='bbox 1185 1339 1263 1374; x_wconf 89' lang='lat' dir='ltr'>eius</span> <span class='ocrx_word' id='word_1_66' title='bbox 1291 1365 1298 1373; x_wconf 91' lang='lat'><strong>.</strong></span> <span class='ocrx_word' id='word_1_67' title='bbox 1326 1339 1444 1384; x_wconf 87' lang='lat' dir='ltr'>primo</span> <span class='ocrx_word' id='word_1_68' title='bbox 1472 1367 1479 1373; x_wconf 94' lang='lat'><strong><em>.</em></strong></span> 
     </span>
     <span class='ocr_line' id='line_1_11' title="bbox 227 1394 1480 1442; baseline -0.003 -10"><span class='ocrx_word' id='word_1_69' title='bbox 227 1398 300 1433; x_wconf 91' lang='lat' dir='ltr'>Die</span> <span class='ocrx_word' id='word_1_70' title='bbox 317 1410 405 1433; x_wconf 90' lang='lat' dir='ltr'>uero</span> <span class='ocrx_word' id='word_1_71' title='bbox 422 1397 706 1442; x_wconf 80' lang='lat' dir='ltr'>nigesimasexta</span> <span class='ocrx_word' id='word_1_72' title='bbox 732 1424 740 1431; x_wconf 94' lang='lat'>.</span> <span class='ocrx_word' id='word_1_73' title='bbox 769 1396 912 1431; x_wconf 81' lang='lat' dir='ltr'>Mensis</span> <span class='ocrx_word' id='word_1_74' title='bbox 933 1395 1106 1430; x_wconf 80' lang='lat' dir='ltr'>Octobris</span> <span class='ocrx_word' id='word_1_75' title='bbox 1132 1422 1139 1429; x_wconf 93' lang='lat'><strong>.</strong></span> <span class='ocrx_word' id='word_1_76' title='bbox 1165 1394 1265 1429; x_wconf 82' lang='lat' dir='ltr'>Finit</span> <span class='ocrx_word' id='word_1_77' title='bbox 1282 1394 1480 1429; x_wconf 73' lang='lat' dir='ltr'>foeliciter!</span> 
     </span>
     <span class='ocr_line' id='line_1_12' title="bbox 228 1455 329 1497; baseline -0.01 -8"><span class='ocrx_word' id='word_1_78' title='bbox 228 1455 329 1497; x_wconf 87' lang='lat'>1484.</span> 
     </span>
    </p>

    <p class='ocr_par' dir='ltr' id='par_1_7' title="bbox 131 1505 1480 1776">
     <span class='ocr_line' id='line_1_13' title="bbox 131 1505 1479 1552; baseline -0.004 -8"><span class='ocrx_word' id='word_1_79' title='bbox 131 1509 223 1544; x_wconf 85' lang='lat' dir='ltr'>Ald.</span> <span class='ocrx_word' id='word_1_80' title='bbox 257 1509 443 1544; x_wconf 91' lang='lat' dir='ltr'>‘Venetiis</span> <span class='ocrx_word' id='word_1_81' title='bbox 485 1520 583 1552; x_wconf 84' lang='lat' dir='ltr'>cura,</span> <span class='ocrx_word' id='word_1_82' title='bbox 623 1509 655 1544; x_wconf 84' lang='lat'>&amp;</span> <span class='ocrx_word' id='word_1_83' title='bbox 698 1507 888 1552; x_wconf 87' lang='lat' dir='ltr'>diligentia</span> <span class='ocrx_word' id='word_1_84' title='bbox 928 1506 1013 1542; x_wconf 90' lang='lat' dir='ltr'>Aldi</span> <span class='ocrx_word' id='word_1_85' title='bbox 1058 1507 1128 1540; x_wconf 87' lang='lat' dir='ltr'>Ro.</span> <span class='ocrx_word' id='word_1_86' title='bbox 1167 1507 1302 1540; x_wconf 90' lang='lat' dir='ltr'>Mense</span> <span class='ocrx_word' id='word_1_87' title='bbox 1344 1505 1479 1540; x_wconf 87' lang='lat' dir='ltr'>Octob.</span> 
     </span>
     <span class='ocr_line' id='line_1_14' title="bbox 226 1561 1480 1603; baseline -0.004 -4"><span class='ocrx_word' id='word_1_88' title='bbox 226 1566 341 1599; x_wconf 84' lang='lat' dir='ltr'>M.1D.&#39;</span> <span class='ocrx_word' id='word_1_89' title='bbox 397 1564 544 1599; x_wconf 86' lang='lat' dir='ltr'>Eodem</span> <span class='ocrx_word' id='word_1_90' title='bbox 571 1564 760 1599; x_wconf 87' lang='lat' dir='ltr'>uolumine</span> <span class='ocrx_word' id='word_1_91' title='bbox 789 1564 911 1598; x_wconf 90' lang='lat' dir='ltr'>insunt</span> <span class='ocrx_word' id='word_1_92' title='bbox 939 1562 1088 1596; x_wconf 86' lang='lat' dir='ltr'>Firmici</span> <span class='ocrx_word' id='word_1_93' title='bbox 1122 1561 1316 1603; x_wconf 80' lang='lat' dir='ltr'>Mathesis‚</span> <span class='ocrx_word' id='word_1_94' title='bbox 1344 1562 1480 1595; x_wconf 81' lang='lat' dir='ltr'><strong>Aratea</strong></span> 
     </span>
     <span class='ocr_line' id='line_1_15' title="bbox 227 1616 1479 1663; baseline -0.005 -8"><span class='ocrx_word' id='word_1_95' title='bbox 227 1619 452 1663; x_wconf 82' lang='lat' dir='ltr'>Germanici,</span> <span class='ocrx_word' id='word_1_96' title='bbox 471 1619 671 1662; x_wconf 81' lang='lat' dir='ltr'>Ciceronis,</span> <span class='ocrx_word' id='word_1_97' title='bbox 690 1619 835 1662; x_wconf 89' lang='lat' dir='ltr'>Auieni,</span> <span class='ocrx_word' id='word_1_98' title='bbox 854 1620 991 1653; x_wconf 80' lang='lat' dir='ltr'>Aratus</span> <span class='ocrx_word' id='word_1_99' title='bbox 1009 1629 1140 1662; x_wconf 80' lang='lat' dir='ltr'>graece</span> <span class='ocrx_word' id='word_1_100' title='bbox 1158 1628 1241 1651; x_wconf 90' lang='lat' dir='ltr'>cum</span> <span class='ocrx_word' id='word_1_101' title='bbox 1259 1616 1424 1651; x_wconf 87' lang='lat' dir='ltr'>Theonis</span> <span class='ocrx_word' id='word_1_102' title='bbox 1444 1616 1479 1649; x_wconf 89' lang='lat' dir='ltr'>in</span> 
     </span>
     <span class='ocr_line' id='line_1_16' title="bbox 226 1671 1479 1720; baseline -0.004 -10"><span class='ocrx_word' id='word_1_103' title='bbox 226 1688 311 1711; x_wconf 89' lang='lat' dir='ltr'>eum</span> <span class='ocrx_word' id='word_1_104' title='bbox 331 1675 499 1717; x_wconf 90' lang='lat' dir='ltr'>Scholiis‚</span> <span class='ocrx_word' id='word_1_105' title='bbox 516 1675 633 1710; x_wconf 89' lang='lat' dir='ltr'>Procli</span> <span class='ocrx_word' id='word_1_106' title='bbox 655 1676 821 1720; x_wconf 84' lang='lat' dir='ltr'>Sphaera</span> <span class='ocrx_word' id='word_1_107' title='bbox 839 1685 983 1718; x_wconf 83' lang='lat' dir='ltr'>graece,</span> <span class='ocrx_word' id='word_1_108' title='bbox 1002 1679 1037 1708; x_wconf 89' lang='lat' dir='ltr'>et</span> <span class='ocrx_word' id='word_1_109' title='bbox 1056 1673 1187 1707; x_wconf 83' lang='lat' dir='ltr'>eadem</span> <span class='ocrx_word' id='word_1_110' title='bbox 1205 1671 1318 1707; x_wconf 87' lang='lat' dir='ltr'>latine</span> <span class='ocrx_word' id='word_1_111' title='bbox 1333 1672 1479 1706; x_wconf 81' lang='lat' dir='ltr'>Thoma</span> 
     </span>
     <span class='ocr_line' id='line_1_17' title="bbox 227 1731 810 1776; baseline -0.003 -10"><span class='ocrx_word' id='word_1_112' title='bbox 227 1731 383 1766; x_wconf 87' lang='lat' dir='ltr'>Linacro</span> <span class='ocrx_word' id='word_1_113' title='bbox 404 1731 582 1766; x_wconf 86' lang='lat' dir='ltr'>Britanno</span> <span class='ocrx_word' id='word_1_114' title='bbox 601 1731 810 1776; x_wconf 84' lang='lat' dir='ltr'>interprete.</span> 
     </span>
    </p>

    <p class='ocr_par' dir='ltr' id='par_1_8' title="bbox 131 1783 1478 2099">
     <span class='ocr_line' id='line_1_18' title="bbox 131 1783 1477 1831; baseline -0.004 -9"><span class='ocrx_word' id='word_1_115' title='bbox 131 1788 303 1822; x_wconf 76' lang='lat' dir='ltr'>Romana</span> <span class='ocrx_word' id='word_1_116' title='bbox 332 1798 363 1822; x_wconf 88' lang='lat' dir='ltr'>a.</span> <span class='ocrx_word' id='word_1_117' title='bbox 395 1795 495 1831; x_wconf 87' lang='lat'>1510.</span> <span class='ocrx_word' id='word_1_118' title='bbox 544 1786 685 1821; x_wconf 87' lang='lat' dir='ltr'>‘Marci</span> <span class='ocrx_word' id='word_1_119' title='bbox 717 1784 861 1820; x_wconf 81' lang='lat' dir='ltr'>Manilii</span> <span class='ocrx_word' id='word_1_120' title='bbox 888 1783 1173 1819; x_wconf 79' lang='lat' dir='ltr'>Astronomieon</span> <span class='ocrx_word' id='word_1_121' title='bbox 1199 1783 1248 1817; x_wconf 89' lang='lat' dir='ltr'>ad</span> <span class='ocrx_word' id='word_1_122' title='bbox 1279 1783 1477 1818; x_wconf 82' lang='lat' dir='ltr'>Caesarem</span> 
     </span>
     <span class='ocr_line' id='line_1_19' title="bbox 226 1838 1478 1887; baseline -0.004 -10"><span class='ocrx_word' id='word_1_123' title='bbox 226 1844 436 1887; x_wconf 85' lang='lat' dir='ltr'>Augustum</span> <span class='ocrx_word' id='word_1_124' title='bbox 456 1842 600 1877; x_wconf 86' lang='lat' dir='ltr'>nouiter</span> <span class='ocrx_word' id='word_1_125' title='bbox 623 1853 667 1876; x_wconf 91' lang='lat' dir='ltr'>ac</span> <span class='ocrx_word' id='word_1_126' title='bbox 688 1840 969 1885; x_wconf 84' lang='lat' dir='ltr'>diligentissime</span> <span class='ocrx_word' id='word_1_127' title='bbox 996 1838 1257 1874; x_wconf 88' lang='lat' dir='ltr'>emendatum.’</span> <span class='ocrx_word' id='word_1_128' title='bbox 1310 1839 1351 1872; x_wconf 92' lang='lat' dir='ltr'>In</span> <span class='ocrx_word' id='word_1_129' title='bbox 1377 1838 1478 1872; x_wconf 86' lang='lat' dir='ltr'>calce</span> 
     </span>
     <span class='ocr_line' id='line_1_20' title="bbox 226 1893 1477 1933; baseline -0.005 0"><span class='ocrx_word' id='word_1_130' title='bbox 226 1898 367 1933; x_wconf 88' lang='lat' dir='ltr'>‘Marci</span> <span class='ocrx_word' id='word_1_131' title='bbox 404 1897 548 1932; x_wconf 87' lang='lat' dir='ltr'>Manilii</span> <span class='ocrx_word' id='word_1_132' title='bbox 586 1895 838 1932; x_wconf 82' lang='lat' dir='ltr'>mathematici</span> <span class='ocrx_word' id='word_1_133' title='bbox 872 1894 1160 1930; x_wconf 83' lang='lat' dir='ltr'>Astronomicon</span> <span class='ocrx_word' id='word_1_134' title='bbox 1199 1893 1276 1928; x_wconf 89' lang='lat' dir='ltr'>finit</span> <span class='ocrx_word' id='word_1_135' title='bbox 1314 1893 1477 1928; x_wconf 84' lang='lat' dir='ltr'>feliciter.</span> 
     </span>
     <span class='ocr_line' id='line_1_21' title="bbox 228 1949 1477 1998; baseline -0.006 -10"><span class='ocrx_word' id='word_1_136' title='bbox 228 1954 455 1998; x_wconf 90' lang='lat' dir='ltr'>Impressum</span> <span class='ocrx_word' id='word_1_137' title='bbox 487 1954 619 1987; x_wconf 85' lang='lat' dir='ltr'>Romae</span> <span class='ocrx_word' id='word_1_138' title='bbox 648 1964 712 1997; x_wconf 92' lang='lat' dir='ltr'>per</span> <span class='ocrx_word' id='word_1_139' title='bbox 737 1951 954 1995; x_wconf 86' lang='lat' dir='ltr'>magistrum</span> <span class='ocrx_word' id='word_1_140' title='bbox 982 1950 1158 1984; x_wconf 88' lang='lat' dir='ltr'>Iacobum</span> <span class='ocrx_word' id='word_1_141' title='bbox 1188 1949 1383 1983; x_wconf 73' lang='lat' dir='ltr'>Mazochit&#39;t</span> <span class='ocrx_word' id='word_1_142' title='bbox 1409 1950 1477 1982; x_wconf 89' lang='lat' dir='ltr'>Ro.</span> 
     </span>
     <span class='ocr_line' id='line_1_22' title="bbox 225 2005 1477 2053; baseline -0.005 -9"><span class='ocrx_word' id='word_1_143' title='bbox 225 2009 455 2044; x_wconf 86' lang='lat' dir='ltr'>achademiae</span> <span class='ocrx_word' id='word_1_144' title='bbox 486 2008 734 2053; x_wconf 87' lang='lat' dir='ltr'>Bibliopolam</span> <span class='ocrx_word' id='word_1_145' title='bbox 762 2008 873 2042; x_wconf 88' lang='lat' dir='ltr'>Anno</span> <span class='ocrx_word' id='word_1_146' title='bbox 905 2005 1041 2040; x_wconf 85' lang='lat' dir='ltr'>Salutis</span> <span class='ocrx_word' id='word_1_147' title='bbox 1074 2006 1125 2040; x_wconf 89' lang='lat' dir='ltr'>M.</span> <span class='ocrx_word' id='word_1_148' title='bbox 1157 2005 1192 2039; x_wconf 87' lang='lat' dir='ltr'>d.</span> <span class='ocrx_word' id='word_1_149' title='bbox 1226 2017 1258 2039; x_wconf 76' lang='lat' dir='ltr'>x,</span> <span class='ocrx_word' id='word_1_150' title='bbox 1308 2006 1477 2048; x_wconf 72' lang='lat' dir='ltr'>Regnate</span> 
     </span>
     <span class='ocr_line' id='line_1_23' title="bbox 226 2061 1206 2099; baseline -0.005 0"><span class='ocrx_word' id='word_1_151' title='bbox 226 2064 313 2099; x_wconf 88' lang='lat' dir='ltr'>diuo</span> <span class='ocrx_word' id='word_1_152' title='bbox 332 2065 424 2099; x_wconf 93' lang='lat' dir='ltr'>Iulio</span> <span class='ocrx_word' id='word_1_153' title='bbox 445 2063 617 2099; x_wconf 90' lang='lat' dir='ltr'>Secundo</span> <span class='ocrx_word' id='word_1_154' title='bbox 637 2064 743 2097; x_wconf 65' lang='lat' dir='ltr'>Pont„</span> <span class='ocrx_word' id='word_1_155' title='bbox 764 2063 863 2097; x_wconf 84' lang='lat' dir='ltr'>Max.</span> <span class='ocrx_word' id='word_1_156' title='bbox 881 2062 992 2095; x_wconf 82' lang='lat' dir='ltr'>Anno</span> <span class='ocrx_word' id='word_1_157' title='bbox 1010 2061 1088 2095; x_wconf 90' lang='lat' dir='ltr'>eius</span> <span class='ocrx_word' id='word_1_158' title='bbox 1107 2061 1206 2094; x_wconf 88' lang='lat' dir='ltr'>VII.&#39;</span> 
     </span>
    </p>

    <p class='ocr_par' dir='ltr' id='par_1_9' title="bbox 180 2114 1476 2321">
     <span class='ocr_line' id='line_1_24' title="bbox 180 2114 1476 2165; baseline -0.006 -10"><span class='ocrx_word' id='word_1_159' title='bbox 180 2119 307 2155; x_wconf 90' lang='lat' dir='ltr'>Editio</span> <span class='ocrx_word' id='word_1_160' title='bbox 337 2120 478 2165; x_wconf 88' lang='lat' dir='ltr'>optima</span> <span class='ocrx_word' id='word_1_161' title='bbox 506 2119 712 2164; x_wconf 87' lang='lat' dir='ltr'>eademque</span> <span class='ocrx_word' id='word_1_162' title='bbox 742 2117 866 2152; x_wconf 89' lang='lat' dir='ltr'>rarior.</span> <span class='ocrx_word' id='word_1_163' title='bbox 919 2116 1118 2160; x_wconf 83' lang='lat' dir='ltr'>Exemplar</span> <span class='ocrx_word' id='word_1_164' title='bbox 1150 2126 1272 2149; x_wconf 88' lang='lat' dir='ltr'>meum</span> <span class='ocrx_word' id='word_1_165' title='bbox 1301 2114 1386 2148; x_wconf 90' lang='lat' dir='ltr'>olirn</span> <span class='ocrx_word' id='word_1_166' title='bbox 1416 2115 1476 2147; x_wconf 91' lang='lat' dir='ltr'>In-</span> 
     </span>
     <span class='ocr_line' id='line_1_25' title="bbox 225 2169 1475 2220; baseline -0.006 -10"><span class='ocrx_word' id='word_1_167' title='bbox 225 2175 341 2220; x_wconf 73' lang='lat' dir='ltr'>grarni</span> <span class='ocrx_word' id='word_1_168' title='bbox 363 2177 533 2220; x_wconf 86' lang='lat' dir='ltr'>Bywater</span> <span class='ocrx_word' id='word_1_169' title='bbox 548 2174 624 2209; x_wconf 85' lang='lat' dir='ltr'>suit.</span> <span class='ocrx_word' id='word_1_170' title='bbox 678 2175 808 2208; x_wconf 89' lang='lat' dir='ltr'>Insunt</span> <span class='ocrx_word' id='word_1_171' title='bbox 832 2172 1008 2207; x_wconf 86' lang='lat' dir='ltr'>lectiones</span> <span class='ocrx_word' id='word_1_172' title='bbox 1032 2171 1230 2205; x_wconf 86' lang='lat' dir='ltr'>nonnullae</span> <span class='ocrx_word' id='word_1_173' title='bbox 1257 2169 1414 2213; x_wconf 85' lang='lat' dir='ltr'>scriptae</span> <span class='ocrx_word' id='word_1_174' title='bbox 1440 2169 1475 2202; x_wconf 87' lang='lat' dir='ltr'>in</span> 
     </span>
     <span class='ocr_line' id='line_1_26' title="bbox 225 2224 1475 2275; baseline -0.006 -10"><span class='ocrx_word' id='word_1_175' title='bbox 225 2231 393 2275; x_wconf 85' lang='lat' dir='ltr'>margine</span> <span class='ocrx_word' id='word_1_176' title='bbox 431 2230 492 2265; x_wconf 91' lang='lat' dir='ltr'>lib.</span> <span class='ocrx_word' id='word_1_177' title='bbox 534 2231 584 2273; x_wconf 93' lang='lat' dir='ltr'>II,</span> <span class='ocrx_word' id='word_1_178' title='bbox 625 2229 671 2263; x_wconf 91' lang='lat' dir='ltr'>de</span> <span class='ocrx_word' id='word_1_179' title='bbox 710 2228 842 2274; x_wconf 89' lang='lat' dir='ltr'>quibus</span> <span class='ocrx_word' id='word_1_180' title='bbox 881 2226 1035 2262; x_wconf 88' lang='lat' dir='ltr'>disserui</span> <span class='ocrx_word' id='word_1_181' title='bbox 1076 2227 1112 2261; x_wconf 88' lang='lat' dir='ltr'>in</span> <span class='ocrx_word' id='word_1_182' title='bbox 1147 2226 1338 2270; x_wconf 87' lang='lat' dir='ltr'>Epimetro</span> <span class='ocrx_word' id='word_1_183' title='bbox 1377 2224 1475 2269; x_wconf 85' lang='lat' dir='ltr'>quod</span> 
     </span>
     <span class='ocr_line' id='line_1_27' title="bbox 227 2285 607 2321; baseline -0.005 0"><span class='ocrx_word' id='word_1_184' title='bbox 227 2286 412 2321; x_wconf 89' lang='lat' dir='ltr'>Noctibus</span> <span class='ocrx_word' id='word_1_185' title='bbox 437 2285 607 2321; x_wconf 86' lang='lat' dir='ltr'>adnexui.</span> 
     </span>
    </p>

    <p class='ocr_par' dir='ltr' id='par_1_10' title="bbox 132 2335 1476 2438">
     <span class='ocr_line' id='line_1_28' title="bbox 132 2335 1476 2381; baseline -0.007 -4"><span class='ocrx_word' id='word_1_186' title='bbox 132 2343 268 2377; x_wconf 81' lang='lat' dir='ltr'>Molin.</span> <span class='ocrx_word' id='word_1_187' title='bbox 295 2341 447 2376; x_wconf 87' lang='lat' dir='ltr'>Antonii</span> <span class='ocrx_word' id='word_1_188' title='bbox 481 2340 626 2375; x_wconf 90' lang='lat' dir='ltr'>Molinii</span> <span class='ocrx_word' id='word_1_189' title='bbox 658 2338 946 2374; x_wconf 89' lang='lat' dir='ltr'>Matisconensis</span> <span class='ocrx_word' id='word_1_190' title='bbox 976 2336 1147 2381; x_wconf 84' lang='lat' dir='ltr'>(Macon)</span> <span class='ocrx_word' id='word_1_191' title='bbox 1179 2336 1280 2371; x_wconf 85' lang='lat' dir='ltr'>edita</span> <span class='ocrx_word' id='word_1_192' title='bbox 1308 2335 1476 2380; x_wconf 86' lang='lat' dir='ltr'>Lugduni</span> 
     </span>
     <span class='ocr_line' id='line_1_29' title="bbox 228 2394 981 2438; baseline -0.008 -6"><span class='ocrx_word' id='word_1_193' title='bbox 228 2397 263 2432; x_wconf 90' lang='lat' dir='ltr'>in</span> <span class='ocrx_word' id='word_1_194' title='bbox 282 2397 437 2432; x_wconf 85' lang='lat' dir='ltr'>aedibus</span> <span class='ocrx_word' id='word_1_195' title='bbox 459 2395 608 2431; x_wconf 88' lang='lat' dir='ltr'>Ioannis</span> <span class='ocrx_word' id='word_1_196' title='bbox 626 2394 806 2429; x_wconf 84' lang='lat' dir='ltr'>Tornaesii</span> <span class='ocrx_word' id='word_1_197' title='bbox 826 2406 857 2428; x_wconf 89' lang='lat' dir='ltr'>a.</span> <span class='ocrx_word' id='word_1_198' title='bbox 882 2402 981 2438; x_wconf 88' lang='grc'>1551.</span> 
     </span>
    </p>
   </div>
   <div class='ocr_carea' id='block_1_3' title="bbox 133 2447 1476 2604">
    <p class='ocr_par' dir='ltr' id='par_1_11' title="bbox 133 2447 1476 2604">
     <span class='ocr_line' id='line_1_30' title="bbox 134 2447 1320 2497; baseline -0.006 -10"><span class='ocrx_word' id='word_1_199' title='bbox 134 2453 233 2487; x_wconf 85' lang='lat' dir='ltr'>Scal.</span> <span class='ocrx_word' id='word_1_200' title='bbox 262 2452 411 2497; x_wconf 86' lang='lat' dir='ltr'>Iosephi</span> <span class='ocrx_word' id='word_1_201' title='bbox 431 2451 607 2496; x_wconf 84' lang='lat' dir='ltr'>Scaligeri</span> <span class='ocrx_word' id='word_1_202' title='bbox 628 2451 684 2485; x_wconf 92' lang='lat' dir='ltr'>ed.</span> <span class='ocrx_word' id='word_1_203' title='bbox 706 2451 733 2484; x_wconf 92' lang='grc' dir='ltr'>Ι.</span> <span class='ocrx_word' id='word_1_204' title='bbox 757 2458 854 2494; x_wconf 85' lang='grc'>1579.</span> <span class='ocrx_word' id='word_1_205' title='bbox 906 2450 955 2483; x_wconf 94' lang='grc' dir='ltr'>ΙΙ.</span> <span class='ocrx_word' id='word_1_206' title='bbox 978 2449 1077 2483; x_wconf 84' lang='grc'>1600.</span> <span class='ocrx_word' id='word_1_207' title='bbox 1129 2449 1198 2481; x_wconf 91' lang='grc' dir='ltr'>ΙΙΙ.</span> <span class='ocrx_word' id='word_1_208' title='bbox 1222 2447 1320 2490; x_wconf 83' lang='grc'>1655.</span> 
     </span>
     <span class='ocr_line' id='line_1_31' title="bbox 133 2501 1476 2554; baseline -0.006 -11"><span class='ocrx_word' id='word_1_209' title='bbox 133 2508 268 2554; x_wconf 64' lang='grc' dir='ltr'>Βείρῐῑ.</span> <span class='ocrx_word' id='word_1_210' title='bbox 295 2507 546 2552; x_wconf 85' lang='lat' dir='ltr'>Delphiniana</span> <span class='ocrx_word' id='word_1_211' title='bbox 566 2506 669 2551; x_wconf 87' lang='lat' dir='ltr'>Fayi,</span> <span class='ocrx_word' id='word_1_212' title='bbox 693 2506 792 2549; x_wconf 86' lang='lat'>1679.</span> <span class='ocrx_word' id='word_1_213' title='bbox 831 2504 1024 2540; x_wconf 85' lang='lat' dir='ltr'>Accedunt</span> <span class='ocrx_word' id='word_1_214' title='bbox 1045 2503 1141 2538; x_wconf 86' lang='lat' dir='ltr'>Petri</span> <span class='ocrx_word' id='word_1_215' title='bbox 1164 2502 1328 2537; x_wconf 83' lang='lat' dir='ltr'>Danielis</span> <span class='ocrx_word' id='word_1_216' title='bbox 1349 2501 1476 2538; x_wconf 84' lang='lat' dir='ltr'>Huetii</span> 
     </span>
     <span class='ocr_line' id='line_1_32' title="bbox 226 2559 1249 2604; baseline -0.005 -6"><span class='ocrx_word' id='word_1_217' title='bbox 226 2562 580 2598; x_wconf 80' lang='lat' dir='ltr'>Animaduersiones</span> <span class='ocrx_word' id='word_1_218' title='bbox 598 2561 646 2596; x_wconf 88' lang='lat' dir='ltr'>ad</span> <span class='ocrx_word' id='word_1_219' title='bbox 667 2560 862 2596; x_wconf 85' lang='lat' dir='ltr'>Manilium</span> <span class='ocrx_word' id='word_1_220' title='bbox 881 2567 916 2595; x_wconf 87' lang='lat' dir='ltr'>et</span> <span class='ocrx_word' id='word_1_221' title='bbox 937 2559 1111 2604; x_wconf 80' lang='lat' dir='ltr'>Scaligeri</span> <span class='ocrx_word' id='word_1_222' title='bbox 1130 2564 1249 2593; x_wconf 80' lang='lat' dir='ltr'>notas.</span> 
     </span>
    </p>
   </div>
  </div>
 </body>
</html>
