1786 2878
229 146 286 184 40
645 140 841 174 NOCTES
867 140 1199 172 MANILIANAE

230 254 362 298 pareat
393 248 580 286 quenem
609 259 698 284 cum
724 246 831 283 Vrna
860 258 981 283 unum
1006 246 1165 296 Aquarii
1197 245 1350 296 signum
1381 245 1623 284 constituere.

231 312 370 364 Neque
387 313 492 351 aliter
509 312 719 350 Bullialdus
736 313 803 350 ‘ait
818 312 1149 349 constellationem
1170 318 1290 349 totam
1304 311 1462 360 Aquarii
1482 311 1624 348 mixtae

232 391 317 416 esse
351 380 434 415 κατὰ
467 380 527 423 τὴν
559 380 742 425 μόρφωσιν
773 384 943 423 naturae,
973 376 1048 414 hoc
1081 384 1138 414 est
1174 383 1346 414 terrenae
1379 383 1416 413 et
1449 388 1623 425 aqueae;

233 444 337 494 quod
366 443 534 481 hominis
562 443 694 492 figura,
723 443 787 492 qui
818 450 986 479 terrenus
1016 449 1084 487 est,
1112 449 1273 486 constet,
1304 449 1341 479 et
1370 441 1476 491 quod
1505 452 1626 490 aquas

233 509 367 546 fundat
396 508 645 557 Ganymedes
679 508 762 545 illel
830 507 889 545 Ea
920 520 1041 557 aquae
1072 507 1171 545 fusio
1201 520 1291 545 cum
1325 520 1372 544 ex
1412 506 1528 544 stellis
1561 506 1627 543 fiat

233 575 325 611 xxxi
354 587 402 611 ex
432 575 570 624 quibus
600 573 725 611 clarae
755 572 864 616 duae,
896 574 1014 610 nitens
1047 572 1185 610 dicitur
1219 585 1241 610 a
1272 571 1447 610 Manilio,
1505 570 1628 617 Quod

234 640 306 677 nisi
334 640 502 677 adiectus
532 646 632 676 esset
661 651 794 676 uersus
823 639 882 675 ille
907 651 994 686 232,
1016 638 1181 676 incertus
1210 645 1308 676 esset
1340 638 1457 676 lector
1477 636 1628 674 Manilii

233 705 434 755 quomodo
454 717 636 742 commune
655 704 807 753 signum
827 704 1018 752 Aquarius
1038 703 1236 741 diceretur.

290 770 409 817 Quod
442 782 490 807 ex
525 770 746 807 coniectura
779 769 891 818 posui
925 769 1099 817 Parsque
1133 770 1282 806 marina
1315 770 1432 806 nitens
1445 768 1635 818 fundenti

233 843 372 885 semper
391 848 587 884 aquarum,
609 835 792 872 uolebam
816 834 1001 871 laboranti
1024 837 1230 882 ταυτολογίᾳ
1257 834 1448 883 opitulari.
1509 832 1629 870 Corn-

235 913 352 938 mune
369 901 523 950 signum
548 900 686 938 dicitur
702 900 895 949 Aquarius
915 912 1080 949 cumque
1101 913 1149 937 eo
1164 912 1252 950 pars
1273 901 1421 937 marina
1442 909 1629 949 aquarum

237 967 363 1004 nitens
383 965 419 1002 h.
440 978 472 1003 e.
492 977 581 1002 curn
601 965 722 1002 nitore
742 965 886 1003 cadens
907 977 1060 1014 semper
1079 965 1266 1003 fundenti.

293 1031 464 1080 Scaliger
493 1035 598 1079 alque
632 1031 695 1067 z'llz‘
722 1031 847 1079 degere
880 1031 1041 1068 mutauit
1074 1031 1113 1067 in
1144 1033 1293 1080 aequali
1311 1031 1474 1081 foedere,
1514 1029 1630 1078 idque

238 1097 432 1134 Bentleius
460 1096 727 1145 conprobauit.
787 1096 864 1133 Sed
893 1097 1045 1134 uidetur
1073 1097 1231 1146 propius
1262 1110 1284 1134 a
1313 1109 1405 1134 uero
1435 1097 1570 1133 abesse
1599 1095 1631 1131 is

237 1163 303 1212 qui
330 1163 479 1210 aequali
499 1163 617 1198 sidere
646 1161 843 1207 diuinauit,
869 1169 910 1199 ut
942 1162 981 1199 in
1014 1162 1107 1212 Fayi
1139 1162 1308 1200 editione
1338 1162 1495 1211 legitur:
1525 1167 1630 1198 certe

236 1228 311 1265 hoc
341 1229 469 1277 potius
498 1227 669 1265 indicant
695 1227 841 1265 litterae
862 1227 1073 1265 Vossiani²
1101 1232 1208 1277 alque
1234 1229 1310 1265 illis
1339 1229 1476 1277 digere.

292 1293 343 1330 ΙΙ.
368 1306 386 1330 2
394 1302 456 1340 52,
480 1306 502 1341 3

400 1358 543 1407 Tuque
572 1365 649 1404 tuo,
679 1357 924 1407 Capricorne‚
955 1359 1044 1407 gelu
1073 1365 1292 1397 contractus
1321 1359 1360 1395 in
1390 1358 1499 1395 astris

374 1423 548 1464 †Contra
577 1423 675 1461 iacet
705 1423 854 1461 Cancer
882 1423 1053 1472 patulam
1083 1424 1268 1462 distentus
1297 1425 1336 1461 in
1366 1424 1507 1461 aluum.

293 1490 367 1527 Pro
383 1489 527 1527 Contra
548 1487 728 1539 (contrat
745 1488 917 1539 Gembl.)
938 1490 1030 1525 iacet
1048 1489 1216 1527 Iacobus
1236 1489 1352 1527 edidit
1373 1489 1510 1534 Prone,
1528 1489 1633 1525 iaces.

240 1555 376 1592 Malim
392 1554 534 1599 Crura,
549 1555 664 1591 iaces:
682 1554 887 1603 porrigitur
900 1554 1003 1591 enim
1017 1555 1133 1592 altero
1147 1568 1256 1593 crure
1272 1556 1343 1592 sub
1365 1567 1404 1592 se
1425 1554 1633 1604 duplicato,

239 1621 359 1658 altero
379 1627 551 1666 curuato,
567 1619 675 1669 quasi
695 1619 783 1668 gelu
797 1619 944 1667 rigeret.
986 1620 1113 1657 Etiam
1130 1620 1176 1657 V.
1195 1622 1268 1657 168
1285 1620 1386 1658 idem
1399 1619 1634 1658 uocabulum

239 1686 374 1722 uitium
404 1685 516 1722 traxit
544 1697 634 1721 narn
654 1685 765 1721 turba
783 1685 1009 1733 perfimdere
1033 1691 1154 1722 certa
1173 1687 1344 1735 pilarum
1365 1685 1457 1736 quid
1479 1692 1536 1722 est
1561 1684 1634 1721 nisi

239 1755 319 1799 Lp.
342 1763 484 1786 crura
501 1750 572 1798 p.?

296 1815 348 1853 ΙΙ.
374 1816 559 1862 265—269
592 1814 647 1851 sic
669 1821 802 1851 extant
823 1815 860 1851 in
883 1814 1034 1853 Gembl.

405 1879 667 1929 Temporibus
698 1891 853 1929 quoque
882 1888 969 1917 sunt
998 1882 1163 1931 propriis
1194 1882 1376 1931 pollentia
1405 1882 1516 1931 signa

404 1945 542 1983 Aestas
572 1957 594 1981 a
624 1945 787 1993 geminis
816 1952 1021 1983 autumnus
1051 1947 1196 1996 uirgine
1227 1948 1347 1996 surgit

302 2012 375 2058 267
409 2010 552 2047 Bruma
583 2009 801 2058 Sagittifero
832 2023 898 2048 uer
927 2012 1096 2060 piscibus
1127 2012 1258 2062 incipit
1288 2025 1371 2050 esse

407 2076 600 2122 Quattuor
629 2075 667 2111 in
696 2079 816 2130 partJ’s
847 2077 1063 2114 scribuntur
1092 2078 1229 2127 sydera
1259 2085 1381 2115 terrae

405 2141 582 2178 Hiberna
610 2141 763 2180 aestiuis
793 2143 988 2179 autumnis
1018 2155 1137 2180 uerna
1167 2151 1393 2193 repugnant.

301 2209 374 2254 267
407 2206 460 2244 ire
479 2206 600 2243 Benll.
661 2209 737 2245 268
769 2214 888 2245 terrae
908 2209 1007 2244 codd.
1065 2215 1172 2246 terna
1195 2208 1317 2246 Benll.
1376 2210 1452 2257 269
1483 2208 1635 2257 impug-

243 2278 338 2308 nant
368 2271 481 2308 Voss.2

298 2336 493 2374 Bentleius
526 2338 650 2374 sidera
683 2342 804 2375 terrae
837 2338 875 2374 in
904 2339 1027 2375 sidera
1056 2344 1162 2376 terna
1190 2339 1414 2388 refingebat,
1444 2337 1538 2376 haec
1569 2337 1636 2376 ad-

245 2409 385 2440 notans
415 2404 424 2420 ‘
442 2402 536 2439 Tria
565 2403 690 2440 sidera
721 2403 971 2452 adsignantur
1000 2411 1176 2454 quattuor
1206 2405 1296 2441 anni
1327 2405 1522 2454 partibus;
1557 2404 1636 2441 ueri

246 2468 384 2516 pisces,
406 2468 515 2511 aries,
537 2475 689 2514 taurus;
720 2476 757 2505 et
781 2469 833 2506 sic
857 2468 1062 2520 deinceps.'
1121 2469 1210 2508 Hoc
1231 2482 1364 2507 uerum
1384 2469 1635 2514 credideram,

247 2544 338 2570 nam
359 2532 482 2571 codex
504 2532 665 2583 Collegii
680 2533 862 2583 Corporis
885 2534 1022 2573 Christi
1043 2537 1153 2573 terris
1174 2536 1211 2572 in
1237 2537 1310 2583 278
1334 2534 1502 2573 similiter
1522 2534 1637 2572 habet
