1786 2878
258 137 338 187 164
672 143 868 177 Nocrffs
896 143 1114 175 MANJLJA
1123 143 1226 175 NAE

308 249 371 287 Ad
400 249 550 300 singula
569 256 610 287 ut
631 250 797 296 ueniam,
820 250 860 286 in
879 248 985 287 orbe¹
1005 248 1248 287 retinendum
1276 247 1338 286 uel
1358 248 1397 285 in
1417 247 1534 286 orbem
1555 249 1649 287 scri-

253 315 422 353 bendum
438 329 532 361 reor,
550 315 732 353 Pontibus
746 316 922 365 impositis
941 316 980 352 z'n
1000 312 1163 366 orbe(m),
1179 321 1221 351 ut
1239 313 1466 352 Salmoneus
1483 314 1648 364 fingatur

252 388 392 430 pontes
407 382 446 418 in
462 381 712 419 orbiculatam
730 381 939 431 quamdam
956 382 1124 430 speciem
1140 380 1286 425 secisse,
1302 380 1383 417 siue
1399 391 1467 428 per
1486 392 1647 418 arcuum

253 447 388 484 seriem
407 447 485 484 siue
502 447 553 484 ita
569 447 747 495 colligato
763 459 848 484 aere
865 453 905 483 ut
921 458 1040 483 unum
1056 446 1252 495 ingentem
1268 444 1433 482 efficeret
1450 445 1646 482 circulum.

255 511 330 550 Sed
357 512 395 548 in
420 524 458 549 u.
481 525 530 561 94
553 513 686 549 dubito
710 523 804 548 num
825 511 954 548 Vossii
981 510 1241 548 emendationi
1268 510 1353 546 dum
1366 510 1546 559 fulmina
1565 522 1646 548 non

252 577 571 627 praeponendum
592 578 637 614 sit
662 590 753 625 quae
755 577 932 625 fulmina
944 589 958 613 .·
985 576 1045 614 cui
1070 576 1314 613 coniecturae
1338 587 1447 612 meae
1471 587 1553 612 non
1576 576 1646 612 ob-

251 649 324 679 stat
352 643 457 692 quod
471 643 602 692 fingit,
627 654 718 687 non,
743 649 785 679 ut
814 641 1017 679 Reinesius
1045 640 1209 685 uolebat,
1228 641 1359 690 finxit
1381 639 1560 677 traditum
1589 646 1646 678 est

251 708 290 744 in
325 708 522 746 codicibus
534 720 544 754 ;
584 720 676 745 narn
709 719 891 757 praesens
922 706 983 744 hic
1017 706 1211 743 indicatiui
1245 705 1295 743 ad
1333 705 1501 755 priorem
1537 705 1646 743 illurn

251 775 423 811 imitatur
442 773 760 812 accommodatus
782 772 943 810 uidetur.
1000 771 1134 822 Itaque
1154 778 1277 809 totum
1300 770 1430 809 locum
1453 771 1507 809 sic
1528 771 1646 820 scrip-

251 851 368 877 ser1m
760 860 763 863 -

414 894 520 932 Hinc
549 893 643 931 mihi
673 893 914 936 Salmoneus,
939 891 1004 942 qui
1034 890 1183 929 caelum
1213 890 1380 928 imitatur
1407 890 1447 927 in
1476 888 1645 942 orbe(m)

415 959 601 997 Pontibus
631 959 829 1008 impositis,
860 957 1062 1005 missisque
1091 968 1159 1005 per
1187 968 1276 993 aera
1305 955 1501 1005 quadrigis

412 1025 659 1074 Expressisse
689 1035 829 1062 sonum
856 1022 991 1060 mundi
1022 1022 1093 1059 sibi
1121 1021 1226 1058 uisus
1254 1028 1291 1058 et
1319 1021 1447 1070 ipsum

411 1091 645 1129 Admouisse
674 1091 810 1128 Iouem
839 1089 959 1134 terris,
988 1101 1080 1137 quae
1107 1087 1269 1125 fulmina
1298 1086 1418 1136 fingit,

413 1156 552 1203 Sensit,
584 1164 621 1194 et
648 1156 842 1193 immissos
871 1155 978 1203 ignes
1008 1165 1122 1203 super
1150 1153 1233 1202 ipse
1262 1159 1417 1190 secutus

413 1221 540 1260 Morte
569 1221 708 1259 Iouem
737 1220 878 1265 didicit,
907 1226 1110 1269 generatus
1138 1218 1259 1268 possit
1287 1217 1432 1256 haberi.

303 1304 350 1342 V.
377 1317 446 1342 101
473 1305 527 1343 sic
546 1304 684 1353 legitur
702 1304 740 1340 in
761 1301 914 1340 Gembl.

411 1376 487 1413 His
515 1376 585 1413 erit
615 1363 787 1413 Henicohi
817 1384 975 1422 surgens
1003 1371 1071 1410 tibi
1099 1370 1223 1409 forma
1251 1369 1473 1410 †cananda.

247 1441 427 1480 conanda
468 1440 581 1479 Voss.²
613 1445 647 1478 et
676 1453 774 1478 corr.
807 1440 1016 1488 Lipsiensis
1045 1436 1222 1475 canenda
1258 1435 1346 1474 Cus.
1389 1435 1503 1474 Voss&
1537 1435 1643 1486 szs.

247 1507 421 1545 cauenda
441 1520 460 1544 ο
479 1507 500 1544 b
519 1506 689 1555 Regiam.
708 1505 880 1543 notanda
898 1504 1020 1541 Bentl.

302 1571 439 1610 Malim
469 1572 518 1609 ad
545 1572 650 1621 prius
678 1571 772 1608 illud
799 1570 962 1607 cauenda
997 1568 1129 1606 redire.
1197 1566 1304 1604 Nam
1336 1567 1544 1616 agitatoris,
1574 1566 1642 1605 de-

246 1638 410 1684 sultoris,
453 1637 660 1682 Salmonei,
702 1635 1011 1685 Bellerophontis
1054 1633 1188 1679 studia,
1227 1633 1368 1682 quibus
1415 1631 1642 1670 Heniochus

244 1704 448 1753 praesidet,
478 1703 694 1753 periculosa
726 1709 813 1739 sunt
843 1701 995 1747 omnia;
1039 1706 1081 1737 ut
1107 1699 1245 1737 merito
1274 1699 1454 1736 timorem
1482 1698 1642 1736 incutiat

246 1770 321 1807 hoc
355 1769 459 1807 sidus
492 1769 712 1818 parentibus
745 1768 818 1805 sub
856 1779 904 1804 eo
941 1765 1193 1804 nascentium.
1261 1763 1393 1802 Germ.
1422 1763 1527 1801 Arat.
1562 1775 1635 1810 401

245 1833 354 1871 Inter
372 1838 470 1871 certa
489 1835 572 1871 licet
588 1846 753 1870 numeres
772 1831 839 1869 sub
857 1836 954 1868 nocte
973 1830 1134 1867 cauenda
1160 1828 1392 1866 Turibulum.

301 1899 348 1937 V.
376 1908 463 1947 105,
485 1910 568 1948 sqq.
589 1899 644 1936 sic
663 1903 794 1936 extant
817 1897 857 1934 in
877 1895 1031 1934 Gembl.

1001 1973 1073 1998 nec
1103 1960 1215 1998 crede
1244 1971 1399 1997 seuerae

408 2029 562 2067 Frontis
590 2041 686 2078 opus
715 2027 813 2077 signi
841 2027 990 2064 strictos
1017 2025 1158 2063 incoda
1186 2025 1334 2063 catonis

407 2095 701 2144 Abruptamque
729 2093 827 2142 patri
855 2099 1077 2142 torquatum
1106 2098 1142 2129 et
1169 2090 1318 2128 horatia
1347 2089 1449 2127 facta

409 2159 537 2197 Maius
565 2171 664 2197 onus
694 2159 805 2208 signo
835 2165 893 2195 est
920 2157 1028 2194 hedis
1057 2169 1129 2193 nec
1158 2162 1265 2193 tanta
1292 2155 1454 2205 petulcis

407 2225 653 2263 Conueniunt
682 2224 828 2261 leuibus
857 2222 1026 2272 gaudent
1054 2221 1276 2270 lasciuaque
1305 2221 1458 2269 signant

304 2303 379 2329 110
407 2290 582 2328 Pectora.

303 2359 376 2394 106
404 2356 469 2393 An
498 2355 634 2405 gigni?
675 2354 901 2403 strictosque
936 2350 1050 2390 Voss?
1077 2357 1240 2390 structos
1269 2350 1321 2387 ob
1346 2348 1485 2387 incude
1524 2349 1636 2387 Voss}

288 2471 299 2489 ²
324 2471 430 2502 Aliter
453 2470 652 2502 Thomasius
675 2480 707 2510 p.
733 2478 752 2509 9
777 2469 814 2499 in
838 2467 910 2498 orbe
934 2472 1020 2498 ratus
1042 2466 1097 2498 hic
1119 2465 1246 2508 opponi
1269 2465 1363 2502 caelo,-
1379 2469 1415 2496 nt
1435 2464 1461 2495 1.
1482 2463 1544 2504 760
1559 2464 1639 2495 Huc

243 2515 393 2555 migrant
414 2525 455 2546 ex
469 2514 551 2551 orbe,
563 2523 725 2554 suumque
737 2511 925 2542 habitantia
935 2511 1072 2548 caelum,
1085 2510 1129 2541 ΙΙ.
1145 2519 1157 2540 1
1168 2516 1216 2549 27,
1231 2510 1249 2540 8
1266 2509 1348 2548 Quis
1367 2513 1458 2549 neget
1469 2518 1531 2539 esse
1547 2507 1638 2548 nefas

243 2559 394 2590 inuitum
406 2558 568 2599 prendere
584 2557 758 2593 mundum,
778 2555 826 2586 Et
843 2554 936 2586 uelut
953 2555 989 2585 in
1006 2557 1102 2586 semet
1116 2557 1247 2595 captum
1265 2552 1415 2584 deducere
1431 2552 1469 2582 in
1484 2551 1589 2584 orbem
1602 2550 1619 2583 :⁹
