1786 2878
823 118 882 149 JV
1459 118 1537 162 157

153 226 311 264 Cusano
349 236 420 274 pro
458 237 652 273 censusque
684 223 864 261 traditum
901 230 980 270 est;
1027 223 1066 260 in
1101 224 1233 273 rapido
1266 230 1393 261 autem
1426 224 1541 261 latere

154 291 302 328 uidetur
330 291 442 340 rapit.
498 289 634 328 Cetera
664 289 880 327 diuinantur
906 295 1080 326 tantum:
1124 289 1193 327 sed
1218 290 1358 339 poterit
1384 288 1541 327 fortasse

153 357 207 394 sic
229 355 341 393 scribi

315 431 482 481 Spiritus
510 435 552 468 at
577 436 688 468 lotum
717 432 821 479 rapit
846 435 950 480 alque
979 415 1021 467 z'n-
1047 432 1150 468 iussa
1173 431 1362 479 gubernat

154 521 233 558 quo
260 515 412 557 recepto
441 514 505 545 aut
514 508 570 557 fil
587 507 625 544 in
647 509 722 544 888
745 507 989 544 scribendum
1005 508 1085 553 erit,
1105 514 1168 544 aut
1188 507 1356 544 clausula
1377 506 1545 556 Spiritus

154 579 195 611 al
224 579 334 610 lotum
366 575 471 622 rapit
501 577 607 621 alque
639 574 678 609 in
717 574 819 609 iussa
852 573 1040 621 gubernat
1070 573 1293 621 interposita
1326 573 1379 610 sic
1413 578 1469 609 est
1503 578 1543 607 ut

155 640 283 676 minus
312 645 391 676 arte
420 651 507 676 cum
536 637 855 687 praecedentibus
888 638 1102 684 cohaereat,
1134 638 1276 688 fiatque
1307 650 1352 675 ex
1387 637 1545 687 obliqua

156 705 329 742 oratione
350 704 491 742 reditus
511 703 558 741 ad
579 703 774 741 directam.

210 780 279 818 IV.
303 782 392 829 897,
415 782 493 828 898

589 844 757 894 proiecta
785 845 911 882 iacent
939 845 1117 883 animalia
1146 852 1284 883 cuncta

319 910 366 948 In
394 916 493 948 terra
520 911 580 948 uel
610 923 735 948 mersa
764 911 872 948 uadis
901 911 962 948 uel
992 911 1029 948 in
1059 924 1146 949 aere
1176 911 1354 961 pendent.

591 978 665 1024 897
688 989 775 1012 num
796 977 932 1014 bruta?

215 1052 392 1101 Languet
411 1057 564 1090 cuncta:
593 1053 786 1090 Bentleius
807 1058 920 1098 mula,
940 1065 1015 1102 ego
1040 1054 1149 1090 brusa
1173 1054 1420 1102 reposuerim,
1443 1054 1546 1103 quod

159 1118 279 1156 multo
299 1118 456 1155 similius
483 1124 540 1155 est
566 1117 740 1155 ductibus
766 1117 986 1155 litterarum.
1042 1119 1171 1155 Etiam
1191 1131 1224 1156 v.
1250 1129 1296 1167 15
1319 1118 1375 1155 Et
1391 1120 1545 1169 bfferum

158 1189 270 1221 celum
303 1185 468 1232 squamis
499 1188 605 1232 alque
637 1196 696 1220 ore
729 1185 920 1229 tremendo,
951 1185 1074 1233 potuit
1107 1184 1263 1233 bgferum
1297 1197 1345 1221 ex
1379 1186 1417 1221 ci
1432 1198 1546 1230 erum,

160 1249 235 1287 hoc
264 1261 311 1287 ex
340 1250 474 1286 sirium
503 1249 725 1299 deprauari:
761 1261 852 1286 nam
873 1256 978 1287 cetos
1006 1249 1100 1287 illud
1129 1250 1234 1298 quod
1253 1250 1547 1288 Andromedam

160 1316 198 1351 in
238 1314 397 1364 scopulo
443 1314 676 1364 pendentem
710 1321 889 1352 necatum
923 1315 1011 1361 ibat,
1040 1327 1112 1352 nec
1142 1315 1302 1366 bfferum
1333 1328 1405 1353 nec
1436 1316 1548 1353 semi-

160 1380 285 1418 ferum
314 1379 394 1425 fuit,
423 1386 464 1416 ut
493 1386 596 1417 recte
626 1380 819 1429 perspexit
847 1379 1066 1426 Bentleius;
1112 1380 1264 1430 Syrium
1293 1388 1392 1418 certe
1421 1382 1549 1419 uocari

160 1446 295 1495 potuit,
325 1445 509 1494 quoniam
540 1445 645 1482 iuxta
672 1444 795 1494 Iopen
825 1445 1013 1494 oppidum
1048 1445 1289 1483 Phoenicum
1319 1453 1355 1484 et
1386 1446 1549 1484 Perseus

160 1510 356 1548 descendit
382 1517 419 1548 et
445 1509 558 1547 belua
590 1511 661 1547 ista
690 1509 887 1547 interfecta
916 1517 997 1557 estg
1040 1511 1147 1548 cuius
1176 1511 1229 1548 rei
1259 1511 1402 1549 indicio
1432 1511 1546 1549 fuisse

161 1577 200 1613 in
231 1576 472 1625 praeiacente
502 1574 656 1625 (Iopae)
688 1587 781 1613 saxo
815 1575 1060 1613 uinculorum
1091 1576 1362 1615 Andromedae
1390 1577 1551 1626 uestigia

160 1648 317 1679 testatur
344 1641 488 1678 Plinius
520 1640 572 1677 H.
594 1640 642 1678 N.
667 1653 699 1677 v.
722 1642 771 1688 69
794 1641 930 1678 citatus
957 1654 979 1678 a
999 1641 1165 1691 Mayoro
1190 1643 1229 1679 in
1251 1642 1548 1680 Commentariis

161 1708 296 1745 quen.
317 1707 366 1743 iii.
393 1716 479 1755 117,
502 1708 587 1752 118,
613 1706 678 1744 ubi
699 1706 794 1744 alios
815 1706 922 1745 locos
943 1707 1078 1745 adtulit
1097 1708 1146 1746 ad
1166 1708 1330 1746 eandem
1350 1708 1548 1746 historiam

163 1773 406 1822 pertinentes.

215 1837 286 1875 IV.
306 1849 492 1887 901-903

325 1913 437 1951 Vnus
466 1917 540 1955 †et
568 1913 762 1964 inspectus
791 1926 916 1952 rerum
944 1914 1120 1965 uiresque
1149 1915 1332 1965 loquendi

322 1979 604 2029 Ingeniumque
633 1992 754 2029 capax
782 1980 983 2029 uariasque
1012 1981 1182 2019 educitur
1211 1989 1310 2019 artes

325 2044 404 2082 Hic
433 2051 577 2093 partus.

217 2132 291 2169 901
316 2126 354 2157 et
373 2121 471 2157 codd.
495 2121 534 2158 in
553 2120 674 2159 Benll.
697 2121 745 2159 ad
764 2134 839 2170 ego,

218 2196 286 2234 IV.
309 2209 354 2245 91
366 2210 397 2243 Ι,
415 2210 460 2246 91
471 2211 491 2234 2

328 2278 434 2317 Huic
465 2279 504 2316 in
535 2285 642 2317 tanta
669 2279 785 2317 fidem
814 2281 981 2330 petimus
1011 2293 1128 2331 quam
1158 2294 1272 2331 saepe
1301 2280 1475 2319 uolucres

324 2343 536 2394 Accipiunt
564 2345 811 2394 trepidaeque
841 2357 911 2383 suo
940 2347 1011 2384 sub
1039 2354 1193 2396 pectore
1223 2347 1350 2384 fibrae.

165 2444 230 2468 suo
268 2431 361 2480 quid
399 2432 447 2469 sit
484 2445 565 2470 non
602 2432 742 2471 uideo:
791 2447 897 2472 suum
937 2434 1154 2473 emendatio
1192 2434 1380 2473 facillima.
1451 2433 1551 2472 Cum

167 2496 337 2534 irrisione
357 2497 526 2546 quadam
547 2497 689 2535 dictum
711 2505 778 2536 est.
