1786 2878
246 145 329 185 190
660 142 855 174 NOCTES
883 141 1216 174 MANJLIANAE

1394 214 1443 245 hii

242 256 277 295 h.
303 269 335 295 e.
370 256 426 294 El
461 256 621 295 senz'biz':
669 256 789 295 suerat
833 270 974 308 nempe
1016 258 1271 308 dittographia
1308 260 1462 296 senibus.
1531 259 1636 298 Hinc

242 322 389 372 refingo
427 321 484 359 Et
523 324 602 360 sine
643 324 688 359 uz·
728 324 827 361 uires
871 325 986 361 sumit
1022 327 1221 362 ‘assumes
1267 324 1439 373 strength
1477 324 1637 362 without

240 385 376 434 effort,'
407 387 513 438 quod
547 387 596 426 ad
630 387 900 438 delphinorum
934 389 1051 426 saltus
1084 396 1240 438 repente
1272 395 1309 427 et
1339 390 1448 439 quasi
1479 397 1632 439 sponte,

241 465 358 503 saepe
386 466 434 491 ex
470 454 548 491 imo
581 454 688 499 mari,
718 460 824 492 tanta
857 454 895 491 ui
925 455 1183 492 exsilientium
1213 460 1254 492 ut
1285 454 1511 504 plerumque
1550 455 1636 492 uela

241 520 399 556 nauium
437 519 674 556 transuolent
709 518 822 569 (Plin.
861 519 910 556 H.
943 519 991 556 N.
1026 520 1075 557 ix.
1111 517 1177 571 21)
1212 520 1430 568 gratissimo
1469 521 1634 569 ὀξυμώρῳ

240 584 410 622 refertur.
466 584 524 622 Cf.
545 584 661 633 Verg.
682 584 780 622 Aen.
802 585 851 621 xi.
875 594 952 633 750
979 586 1054 622 uim
1081 585 1227 622 uiribus
1252 586 1343 622 exz'l.
1403 583 1500 622 Mox
1515 586 1636 635 sruc-

239 653 384 698 lumque
415 649 564 687 uidetur
593 649 846 699 deprauatum
875 662 957 688 esse
988 663 1034 688 ex
1063 651 1291 701 fluclumque
1316 650 1421 699 quod
1443 649 1571 688 Voss.2
1599 657 1636 687 et

239 715 260 752 b
289 721 326 752 et
354 728 374 752 ο
403 714 568 753 habent:
617 727 709 751 nam
743 719 964 765 ructumque,
996 716 1100 765 quod
1133 716 1224 753 olim
1263 715 1357 752 mihi
1392 716 1429 752 in
1464 724 1634 753 mentem

239 786 409 827 uenerat,
441 792 665 829 quanquam
694 779 862 817 efflatum
892 793 960 829 per
989 792 1100 818 nares
1134 780 1303 830 delphini
1340 781 1514 829 spiritum
1545 781 1636 818 satis

239 854 326 894 apte
346 845 469 895 potuit
489 845 717 894 exprimere,
733 844 778 882 cf.
795 845 911 883 Ouid.
930 845 985 882 M.
1002 846 1051 882 iii.
1070 847 1146 882 686
1169 850 1349 894 acceptum
1370 847 1515 895 patulis
1535 859 1636 883 mare

238 911 396 947 naribus
415 911 548 959 efflant,
570 911 635 947 uix
658 910 748 948 satis
769 910 942 959 dignitati
963 911 1146 949 carminis
1165 923 1379 960 congruere
1399 911 1584 961 intelligo.

293 976 341 1014 V.
365 989 413 1024 42
421 987 551 1025 5-427
575 976 629 1013 sic
649 982 781 1014 extant
800 976 839 1013 in
861 975 1015 1014 Gembl.

943 1070 1048 1096 nune
1078 1070 1248 1108 aequore
1277 1071 1423 1096 mersas

400 1123 576 1161 Deducet
604 1122 767 1173 palmas·
785 1123 925 1161 furtiuo
956 1136 1085 1161 remus
1117 1124 1248 1173 (prius
1278 1123 1409 1174 remis)
1440 1125 1478 1161 in
1508 1125 1592 1174 ipso

400 1188 515 1227 Nunc
545 1189 584 1226 in
613 1201 734 1239 aquas
762 1196 888 1227 rectus
917 1189 1044 1226 ueniet
1073 1201 1309 1238 passumque
1340 1190 1496 1227 notabit.

238 1296 314 1342 426
332 1294 487 1332 Dieutet
512 1291 635 1337 Voss.²‚
652 1307 701 1330 an
718 1292 929 1331 Discutiet?
966 1293 1106 1331 furtiuo
1122 1294 1257 1330 codices
1272 1293 1434 1331 furtiuus
1447 1293 1634 1331 Bentlez'us

237 1373 365 1398 remus
380 1362 488 1397 elsam
505 1359 525 1396 b
540 1364 574 1396 et
586 1360 640 1395 sz'c
655 1359 806 1401 Bcnll.,·
828 1360 988 1406 idemque
1000 1359 1148 1407 placuit
1158 1358 1335 1396 Becherlo
1365 1359 1478 1396 remis
1496 1359 1633 1397 Gembl.

237 1439 282 1463 m.
290 1433 367 1475 pn,
386 1426 560 1462 Vossianz'
570 1424 604 1462 C
605 1438 659 1462 us.
674 1438 704 1470 0,
719 1426 812 1462 unde
827 1424 984 1462 Iacobus
999 1425 1112 1461 edidit
1124 1436 1259 1462 remes.
1277 1424 1633 1463 Gloss.B0dl.Aucl.

242 1491 286 1528 Τ.
317 1504 350 1528 2.
386 1503 433 1537 24
466 1490 610 1528 Remes
637 1519 645 1528 .
675 1490 892 1539 remigator,
916 1490 1014 1538 quod
1040 1490 1132 1526 idem
1161 1502 1212 1527 ex
1241 1489 1361 1527 Gloss.
1395 1489 1639 1539 Sangallensz'

237 1569 312 1605 912
334 1557 447 1593 edidit
471 1556 671 1594 lllz‘nlonus
698 1556 866 1601 PVarren,
897 1569 947 1593 ex
981 1554 1101 1593 Gloss.
1131 1556 1289 1593 Abavus
1315 1554 1484 1593 Goetzz'us
1517 1555 1628 1605 Corp.

241 1622 362 1660 Gloss.
397 1623 446 1659 z‘v.
468 1629 510 1671 p.
544 1623 633 1670 386.
692 1631 768 1670 427
809 1621 1030 1671 passimque
1073 1619 1185 1658 Voss.1
1218 1621 1270 1658 bo
1304 1621 1452 1658 notabit
1493 1620 1582 1659 Cus.
1614 1634 1634 1658 o

241 1687 444 1725 Geuarlz'us
464 1687 581 1726 Elecl.
602 1688 625 1724 i.
648 1700 669 1735 5
692 1687 840 1724 notauit
870 1686 983 1724 Voss?
1005 1687 1149 1724 natabit
1180 1685 1291 1723 Voss.1
1313 1686 1344 1724 b.

290 1765 327 1790 u.
359 1755 435 1799 426
466 1753 611 1802 primus
641 1752 847 1790 Geuartius
875 1752 996 1790 Elect.
1026 1752 1048 1788 i.
1081 1762 1102 1798 5
1134 1752 1402 1800 interpretatus
1432 1758 1488 1789 est
1517 1757 1632 1796 recte,

235 1818 309 1855 nisi
339 1817 444 1867 quod
463 1817 802 1867 Deducet‚fierlz'u0
832 1817 994 1863 retinuit,
1017 1828 1104 1854 cum
1135 1824 1264 1865 aperte
1285 1816 1417 1853 uitiata
1437 1823 1564 1854 essent
1583 1829 1630 1854 ex

236 1882 407 1930 Dz'ducel‚
428 1883 619 1932 surlz'uos.
675 1882 813 1920 ‘Remi
852 1883 979 1919 uicem
1013 1881 1204 1919 subiturus
1241 1888 1298 1918 est
1328 1882 1367 1918 in
1396 1881 1524 1930 seipso
1555 1882 1631 1918 iam

236 1948 367 1986 latenti
403 1955 516 1998 atque
549 1947 680 1985 abdito
714 1948 786 1985 sub
820 1947 945 1985 undis.
1003 1946 1156 1996 Corpus
1184 1947 1289 1984 enim
1319 1947 1486 1984 natantis
1515 1946 1632 1984 instar

236 2014 346 2051 nauis
389 2019 471 2051 est:
520 2013 678 2051 brachia
717 2013 836 2050 instar
874 2024 1079 2050 remorum.
1156 2011 1377 2049 Simillimus
1421 2011 1530 2050 locus
1574 2019 1631 2049 est

237 2078 389 2117 Musaei
423 2078 566 2116 Poetae
599 2078 875 2127 elegantissimi
910 2078 958 2116 de
997 2077 1178 2115 Leandro
1217 2083 1393 2114 natante:
1429 2078 1536 2114 Αὐτὸς
1569 2079 1632 2113 ἐὼν

238 2147 364 2193 ἐρέτης,
405 2145 626 2190 αὖτόστολος,
665 2145 852 2190 αὐτόματος
896 2146 974 2189 νῆυς
1011 2172 1019 2180 .
1059 2171 1067 2179 .
1107 2172 1116 2180 .
1157 2142 1218 2180 Sic
1259 2150 1393 2180 auctor
1433 2141 1630 2191 Epistolae

236 2208 426 2247 Leandri:
469 2208 565 2247 Cum
607 2210 774 2258 palz'elur
812 2209 944 2258 lgyems,
979 2209 1089 2245 remis
1121 2220 1185 2256 ego
1222 2208 1388 2255 corporis
1426 2212 1523 2244 utar.
1580 2208 1631 2246 Et

235 2281 365 2313 noster
387 2274 530 2312 Statius
550 2275 598 2312 de
622 2275 761 2312 eodem
786 2274 967 2312 Leandro
993 2286 1072 2311 non
1096 2273 1318 2311 absimiliter
1339 2273 1377 2309 in
1398 2273 1629 2322 Epithalam.

237 2340 375 2378 Stellae
407 2341 494 2377 Vidi
507 2345 541 2377 et
559 2339 732 2389 Abydeni
748 2341 890 2377 iuuenis
909 2341 1091 2377 certantia
1112 2340 1224 2376 remis
1242 2337 1439 2376 Brachia?

291 2406 409 2452 Quod
443 2405 618 2451 Iacobus,
651 2405 806 2443 codices
840 2412 995 2443 secutus
1033 2404 1213 2454 antiquos
1248 2410 1286 2441 et
1319 2404 1440 2453 ipsius
1473 2403 1627 2442 Gembl.

234 2471 396 2521 primam
423 2483 582 2508 manum
605 2472 726 2517 remz‘S,
749 2471 788 2507 in
815 2470 954 2508 eodem
981 2482 1096 2508 uersu
1122 2469 1240 2508 edidit
1268 2482 1391 2514 remes,
1413 2475 1564 2518 poterat
1590 2468 1628 2506 id

235 2537 390 2586 quidem
421 2536 531 2575 tutari
562 2548 608 2574 ex
631 2535 780 2574 Glossis
800 2547 896 2586 quas
921 2548 1034 2586 supra
1058 2535 1194 2574 citaui:
1240 2546 1330 2572 nam
1361 2535 1398 2572 in
1429 2534 1487 2572 his
1516 2547 1628 2572 remes
