1786 2878
812 134 871 165 JV
1450 137 1527 176 141

193 243 260 282 IV.
284 245 359 291 642
383 255 466 293 sqq.
488 243 540 281 sic
562 249 691 280 extant
713 243 750 279 in
772 242 924 280 Gembl.

298 309 382 347 Nec
410 316 558 346 tantum
587 321 634 345 ex
663 320 740 345 una
769 315 911 357 pontus
939 307 1009 345 sibi
1039 312 1147 356 parte
1177 307 1345 346 reclusus

299 374 489 412 Faucibus
518 374 684 423 abreptis
713 374 860 419 orbem,
890 384 980 410 nam
1010 373 1135 418 littora
1164 373 1271 423 plura

299 439 454 489 Impulit
483 451 630 478 oceano
660 439 813 488 †potius
843 439 910 476 sed
938 439 1134 476 montibus
1163 439 1247 477 altis

298 504 368 542 Est
397 506 536 543 uetitus
565 512 685 542 totam
714 516 762 541 ne
792 511 981 553 mergeret
1009 516 1177 554 aequore
1206 511 1357 542 terram.

191 572 266 617 642
289 570 457 608 reclusus
476 570 574 607 codd.
595 582 713 607 omnes
733 569 884 607 reclusit
903 569 1026 606 Bentl.
1085 572 1161 618 643
1192 570 1362 619 abruptis
1388 569 1531 606 Bom'n-

135 637 308 674 contrz'us.
368 637 443 682 644
467 635 595 685 potius
614 635 715 673 codd.
735 648 815 672 cum
835 634 1003 684 Regiam.
1024 639 1057 672 et
1075 635 1354 672 Bonz'ncontrzo.
1403 636 1531 684 potius

134 713 215 738 cum
236 701 462 750 sequentibus
480 700 721 750 coniungebat
734 700 853 738 Bentl.
867 714 880 737 .·
901 704 909 719 ‘
922 714 964 738 ne
984 702 1251 750 mirerzsquod
1258 705 1395 750 pontus
1410 702 1532 750 ruptis

135 766 307 804 objicibus
321 771 546 816 penetrasset
563 767 602 804 z'n
622 771 745 804 terras
765 767 885 804 tribus
905 771 1124 815 quattuorue
1167 768 1254 804 locz‘s
1270 783 1282 805 .-
1322 768 1385 804 hoc
1404 768 1531 815 polius

135 833 359 877 mzbvndum,
380 832 478 880 quod
491 845 563 869 non
583 836 691 869 totam
711 836 849 869 terram
870 834 1038 870 merserit
1047 846 1067 876 ,·
1092 845 1282 870 mersurus
1302 834 1433 881 utique,
1456 834 1536 870 m'sc'

135 902 268 935 montes
287 898 361 934 alte·
375 895 613 935 obstitissent?
672 897 844 934 Phorcus
864 897 1035 937 Iacobus.

188 962 325 1000 Potius
344 963 509 1001 Iacobus
532 963 571 1000 in
591 962 764 1000 Phorcus
784 964 960 1009 correxit,
985 963 1090 1013 quod
1114 975 1185 1002 nec
1211 963 1531 1013 palaeographiae

133 1029 327 1075 conuenit,
347 1040 436 1066 cum
456 1027 504 1065 V.
526 1029 602 1076 586
614 1029 742 1079 sortis
765 1028 827 1066 uel
837 1029 974 1079 sortus
1002 1030 1187 1079 scriptum
1207 1030 1255 1068 sit
1274 1029 1349 1067 hoc
1374 1041 1528 1075 nomen,

133 1101 170 1132 et
190 1094 303 1132 nimis
329 1097 537 1141 ταυτόλογον
555 1101 623 1132 est.
681 1094 815 1132 Scribo
831 1096 994 1144 penitus,
1016 1095 1124 1145 quod
1150 1095 1226 1132 iam
1247 1101 1336 1132 ante
1357 1095 1530 1132 uitiatum

133 1160 298 1198 uidimus
315 1162 392 1208 615
407 1159 486 1197 ffl'c
496 1161 645 1209 penitus
664 1161 874 1209 iuuenisque
880 1161 1031 1209 fretum
1052 1173 1255 1209 mersaeque
1266 1162 1410 1209 puellae
1431 1159 1531 1197 Tru-

133 1227 246 1272 ditur,
267 1226 332 1263 ubi
358 1225 511 1264 codices
533 1231 688 1275 pontus:
716 1226 784 1264 sed
810 1226 862 1263 ibi
892 1233 948 1264 est
977 1227 1080 1263 intra
1108 1233 1145 1264 et
1174 1226 1436 1265 accusatiuum
1461 1226 1530 1263 sibi

133 1292 364 1341 assumpsit:
403 1291 442 1328 in
477 1291 552 1337 642
588 1291 729 1328 Oceano
749 1293 902 1340 penitus
930 1300 987 1329 est
1016 1292 1055 1329 in
1085 1291 1218 1329 intima
1241 1298 1347 1340 parte
1369 1291 1529 1328 Oceani.

134 1357 336 1395 Contrario
352 1357 444 1394 uitio
465 1357 503 1393 in
520 1356 651 1394 Ouidii
667 1356 783 1394 Trist.
799 1357 835 1395 ii.
855 1366 930 1405 317
944 1358 1071 1406 polius
1093 1357 1235 1394 factum
1252 1365 1309 1394 est
1324 1358 1474 1406 pcm'lus
1491 1357 1530 1393 in

133 1421 319 1459 Gothano
340 1421 473 1459 codice
495 1420 554 1473 (D
569 1421 716 1468 Oweni,
738 1422 845 1459 cuius
869 1422 1197 1460 accuratissimam
1219 1422 1423 1459 editionem
1445 1434 1529 1459 om-

133 1487 246 1525 nibus
275 1487 340 1536 qui
369 1499 431 1524 me
462 1486 590 1536 legent
619 1487 934 1525 commendatam
968 1486 1111 1537 uelim).
1172 1486 1234 1525 Sic
1267 1487 1528 1525 accusatiuum

132 1552 219 1590 fecit
252 1565 300 1590 ex
327 1559 478 1601 superne
506 1551 738 1602 pendentem
768 1552 1026 1592 Germanicus
1056 1552 1161 1591 Arat.
1185 1555 1287 1600 426:
1318 1564 1408 1590 nam
1439 1554 1532 1590 lucet

132 1618 256 1656 actiue
275 1617 446 1668 posuisse
467 1617 743 1655 Germanicum
765 1630 844 1655 non
865 1630 959 1656 reor.

187 1683 256 1720 IV.
278 1685 354 1732 674
376 1695 460 1733 sqq.
485 1683 538 1721 sic
559 1691 689 1720 extant
709 1683 748 1720 in
770 1683 922 1721 Gembl.

294 1748 407 1786 India
436 1748 568 1786 notitia
597 1749 719 1786 maior
747 1748 951 1798 parthique
980 1748 1040 1786 uel
1070 1749 1174 1787 orbis

188 1814 265 1862 675
295 1813 402 1852 Alter
430 1820 466 1851 et
495 1814 534 1850 in
564 1814 712 1852 caelum
743 1815 934 1863 surgentis
964 1815 1114 1852 maenia
1144 1815 1239 1852 tauri

294 1879 450 1929 Totque
479 1879 587 1917 illum
616 1880 717 1917 circa
746 1879 870 1918 diuiso
899 1880 1056 1917 nomine
1085 1887 1218 1929 gentes

296 1946 356 1983 Ac
385 1951 537 1983 tantum
566 1945 716 1983 sciticas
745 1945 986 1984 dirimentem
1016 1945 1193 1983 fluctibus
1222 1947 1346 1983 urbes.

188 2013 263 2060 677
286 2011 337 2048 At
355 2015 537 2048 corrector
556 2011 762 2060 szsiensz's
788 2012 921 2048 codicis
941 2011 1003 2048 Ad
1024 2011 1192 2049 Tanaim
1215 2011 1385 2061 &alfger
1414 2013 1529 2050 urbes

132 2078 239 2113 eliam
259 2089 277 2113 o
293 2076 312 2113 b
332 2076 446 2114 orbes
476 2076 649 2113 Vossianz'
667 2075 701 2114 C
702 2090 756 2113 us.
776 2081 809 2113 ct
826 2078 946 2125 Ζῷα,
967 2081 1114 2114 testante
1134 2076 1277 2115 Iacobo.

186 2141 304 2179 Certa
346 2141 614 2179 emendatione
659 2141 828 2191 Scaliger
875 2148 912 2180 et
947 2141 1143 2180 Bentleius
1184 2144 1259 2190 677
1301 2143 1529 2191 scripserunt

133 2207 203 2243 Ad
232 2207 405 2244 Tanain:
441 2207 507 2243 uix
541 2214 641 2244 recte
677 2206 869 2245 Bentleius
904 2220 975 2257 pro
1010 2220 1057 2246 eo
1091 2208 1196 2257 quod
1229 2208 1344 2245 habet
1374 2207 1528 2244 Gembl.

133 2272 440 2309 sciticas—urbes
459 2272 559 2309 coni.
576 2271 925 2320 Scythicis-orbes,
956 2273 1072 2311 Asiae
1101 2273 1243 2311 scilicet
1272 2281 1309 2311 et
1338 2272 1528 2321 Europae.

135 2337 238 2374 Nam
257 2336 315 2387 (1)
346 2336 533 2375 Scz'tlzz'cas
567 2350 646 2375 non
678 2336 859 2375 Scz'lln'cos
887 2346 1079 2387 praestant
1109 2351 1247 2376 omnes
1275 2338 1438 2383 codices,
1470 2336 1530 2388 (2)

133 2402 233 2438 orbes
267 2402 423 2452 quidem
457 2403 496 2440 in
530 2410 692 2451 utroque
724 2402 919 2439 Vossiano
950 2410 1064 2450 extat,
1093 2404 1158 2441 sed
1188 2404 1260 2441 hoc
1295 2403 1529 2440 uocabulum

134 2474 320 2516 perpetuo
340 2480 467 2505 errore
489 2468 672 2517 scriptum
694 2474 749 2504 est
770 2468 808 2504 in
829 2466 979 2505 Manilii
1000 2470 1166 2506 carmine
1191 2480 1261 2517 pro
1281 2468 1396 2514 urbes,
1421 2476 1460 2505 ut
1481 2481 1527 2505 cx

135 2532 193 2568 his
225 2532 318 2570 locis
352 2534 560 2583 apparebit,
583 2533 650 2570 IV.
674 2546 749 2582 903
781 2533 844 2571 ubi
875 2534 974 2570 orbes
1005 2547 1116 2572 sensu
1148 2542 1257 2579 cart-t.
1284 2535 1319 2570 in
1352 2534 1529 2570 omuibus
