1786 2878
255 154 340 194 240
634 151 704 182 AD
736 149 940 182 ARATEA
979 149 1270 181 GERMANICI

415 260 517 305 Χεῖρα
547 258 582 293 δέ
611 259 643 293 οἶ
668 258 788 302 σκαιὴν
816 256 968 304 κεφαλήν
993 257 1022 292 θ’
1051 257 1118 301 ἅμα
1145 255 1254 299 Τόξον
1283 255 1400 301 ἀγινεῖ.

416 322 515 358 Ἀλλ’
545 326 564 359 ὁ
592 324 654 368 μὲν
682 324 726 360 ὣς
754 324 855 370 τρίχα
882 324 990 358 πάντα
1019 319 1261 367 καταμελειστὶ
1289 321 1456 366 φορεῖται,
1475 315 1486 325 ’

309 391 387 437 625
412 389 549 434 Ἥμισυ
578 389 614 424 δέ
644 390 832 434 Στεφάνοιο
861 389 915 423 καὶ
942 387 1044 432 αὐτὴν
1071 388 1221 433 ἔσχατον
1249 386 1352 431 οὐρὴν

418 454 609 502 Κενταύρου
637 454 827 501 φορέουσιν
854 453 1073 500 ἀνερχόμεναι
1101 454 1149 487 ἔτι
1179 449 1294 497 χηλαί.

257 531 297 569 Si
335 538 437 569 recte
476 531 612 568 tradita
650 536 737 567 sunt
770 542 871 579 quae
911 541 959 566 ex
990 527 1212 565 Germanici
1247 526 1417 564 carmine
1451 524 1649 574 exscripsi,

255 603 403 646 praeter
437 596 591 634 solitum
624 595 663 632 in
697 594 755 632 his
787 594 941 632 deflexit
973 594 1022 631 ab
1051 593 1182 630 Arato.
1252 591 1356 629 Nam
1388 591 1435 628 de
1468 589 1570 640 Lyra
1601 602 1650 627 ne

256 663 418 699 uerbum
453 661 610 710 quidem
641 661 680 697 in
708 660 828 715 Arato
858 659 1041 704 inuenies,
1074 669 1298 707 quanquam
1328 656 1556 705 Engonasin
1587 654 1651 691 de-

256 727 430 764 scribens
460 727 514 764 Sic
545 725 638 763 dixit
669 727 746 773 615
777 726 849 761 Αῖεὶ
876 725 972 773 γνὺξ,
1001 725 1065 760 αἶεὶ
1094 725 1130 759 δὲ
1160 723 1250 770 Λῦρῃ
1279 725 1565 769 παραπεπτηῶτος
1589 719 1658 757 ‘Of

256 793 336 830 that
362 792 460 829 form
487 791 560 828 still
588 790 782 839 kneeling‚
804 790 877 828 still
906 789 1090 839 stooping
1116 788 1190 826 low
1210 787 1341 825 before
1361 787 1425 824 the
1449 786 1574 836 Lyre‚'
1596 785 1651 823 uti

256 858 368 895 uertit
400 857 473 895 Ed.
504 857 630 895 Poste.
701 855 840 904 Neque
874 867 921 892 ex
951 867 1014 892 uu.
1040 853 1147 891 Arati
1178 855 1363 898 622-624
1393 851 1653 890 Germanicus

257 923 470 973 quidquam
498 922 698 971 expressit,
720 933 770 959 ne
800 921 838 958 id
865 920 1021 970 quidem
1046 919 1152 969 quod
1180 926 1237 957 est
1265 919 1433 956 maxime
1463 917 1653 966 singulare

256 989 358 1037 τρίχα
376 990 484 1025 πάντα
507 989 746 1033 καταμελειστὶ
767 989 937 1034 φορεῖται.
994 985 1169 1023 Tantum
1194 984 1330 1030 elucet,
1347 983 1570 1022 Germanici
1590 995 1653 1020 uu.

259 1056 348 1102 636,
367 1056 441 1102 637
461 1052 693 1103 respondere
714 1064 779 1089 uu.
799 1053 889 1099 625,
907 1053 982 1089 626
1000 1051 1115 1088 Arati.
1166 1049 1269 1087 Nam
1286 1049 1499 1098 imperfecta
1519 1061 1654 1086 corona

257 1127 314 1158 est
339 1121 475 1166 ’Ἡμισυ
505 1121 719 1166 Στεφάνοιο;
756 1117 900 1156 Chiron
929 1117 982 1154 ad
1005 1117 1161 1153 caudam
1197 1116 1426 1164 cognoscitur
1455 1116 1567 1151 imam
1597 1120 1655 1151 est

257 1187 360 1231 αὐτὴν
387 1187 535 1232 ἔσχατον
564 1185 665 1231 οὐρὴν
695 1183 885 1231 Κενταύρου
913 1183 1101 1230 φορέουσιν
1124 1182 1346 1227 ἀνερχόμεναι
1378 1181 1492 1227 χηλαί.
1548 1179 1654 1228 Ergo

259 1258 361 1289 recte
395 1250 545 1288 uidetur
576 1248 733 1286 Grotius
767 1255 806 1286 et
839 1248 903 1298 qui
938 1259 1028 1285 eum
1062 1246 1183 1285 secuti
1222 1252 1311 1283 sunt
1345 1245 1384 1282 in
1415 1245 1526 1294 Argo
1557 1247 1654 1294 szjn'a

258 1316 500 1366 requisiuisse
523 1315 682 1361 Arcum,
708 1314 817 1352 cuius
844 1314 988 1352 Aratus
1019 1312 1245 1350 meminerat
1276 1312 1350 1348 621
1381 1311 1508 1359 ῥύτορα
1535 1313 1655 1355 Τόξου.

261 1382 338 1420 Sed
358 1382 468 1430 Argo
493 1381 588 1430 sipia
615 1380 677 1418 uel
698 1380 807 1429 Argo
832 1381 939 1427 siria,
964 1379 1062 1417 sicut
1091 1377 1270 1416 traditum
1299 1383 1356 1414 est
1385 1376 1423 1413 in
1452 1376 1656 1413 Einsiede-

258 1448 366 1490 lensi,
406 1459 486 1485 non
524 1446 640 1484 credo
674 1458 758 1484 esse
793 1445 921 1482 Arcus
959 1447 1055 1494 ipsa,
1091 1443 1158 1481 sed
1197 1443 1307 1480 Arcu
1345 1446 1443 1491 septa
1482 1440 1656 1492 (saepta):

263 1513 491 1563 Sagittarius
520 1512 624 1550 enim
653 1523 743 1549 arcu
773 1517 906 1560 saepta
934 1510 1064 1559 imago
1094 1509 1148 1547 sic
1178 1508 1315 1546 dicitur
1343 1514 1385 1545 ut
1412 1506 1532 1545 le‘xa
1555 1519 1656 1556 genu

259 1581 400 1629 spectes,
431 1578 564 1628 effigies
599 1577 737 1627 defecta
770 1576 903 1623 labore,
944 1575 1113 1625 Virgz'nzk·
1140 1574 1281 1623 facies,
1313 1573 1489 1621 Aurigae
1515 1573 1654 1621 facies,

260 1645 416 1682 Perseos
430 1643 599 1694 Effigies,
617 1650 654 1680 et
673 1654 773 1692 quae
793 1641 866 1679 alia
885 1640 1104 1678 huiusmodi
1126 1638 1288 1677 Manilio
1307 1650 1397 1676 cum
1417 1638 1656 1676 Germanico

261 1710 484 1749 communia
504 1715 603 1746 sunt.
661 1707 842 1756 Superest
862 1714 904 1744 ut
925 1708 1002 1755 636
1023 1719 1094 1755 pro
1113 1710 1185 1742 tola
1206 1704 1393 1742 scribatur
1412 1709 1521 1741 torla-

428 1775 532 1812 Arcu
561 1781 692 1822 saepta
722 1785 792 1809 suo
822 1772 929 1810 caelo
960 1771 1143 1809 referetur
1172 1771 1311 1818 imago,

426 1835 657 1885 Imperfecta
687 1834 783 1872 redit
812 1833 920 1871 caelo
950 1841 1031 1871 tum
1065 1831 1095 1884 (?
1109 1831 1335 1882 caelestum)
1361 1839 1460 1869 torta
1489 1843 1645 1869 corona.

319 1937 394 1984 657
427 1935 571 1972 Horret
600 1933 739 1970 uulnus
769 1932 893 1970 adhue
922 1939 959 1970 et
988 1931 1134 1981 spicula
1164 1932 1282 1969 tincta
1311 1943 1463 1969 ueneno

427 1999 580 2037 Flebilis
609 1999 732 2037 Orion
762 2005 798 2036 et
828 2009 1051 2047 quanquam
1081 2004 1187 2046 parte
1217 1997 1347 2035 relicta

427 2065 535 2104 Caeli
565 2067 724 2114 †paene
754 2063 850 2113 fugit
879 2070 1008 2100 tamen
1038 2062 1123 2100 altis
1153 2062 1336 2111 mergitur
1364 2061 1490 2099 undis.

265 2143 394 2180 Immo
426 2142 555 2179 Poena
589 2153 641 2178 sc.
679 2140 871 2189 Scorpius,
904 2140 969 2189 qui
1009 2151 1098 2177 cum
1131 2139 1299 2184 recessit,
1334 2138 1470 2175 iustam
1509 2143 1658 2186 partem

264 2208 358 2246 caeli
381 2207 517 2245 Orioni
548 2206 734 2255 relinquit,
763 2206 860 2243 sicut
881 2205 1074 2253 Vergilius
1101 2204 1196 2241 dixit
1216 2203 1264 2242 G.
1286 2204 1308 2240 i.
1333 2216 1393 2251 34,
1418 2213 1466 2250 35
1492 2203 1567 2250 ipse
1593 2202 1665 2238 lz'bz'

265 2275 342 2310 iam
367 2273 542 2310 bracchia
571 2272 757 2308 contrahit
782 2271 917 2308 ardens
947 2269 1119 2319 Scorpios
1145 2274 1178 2306 el
1201 2269 1297 2306 caeli
1318 2269 1416 2304 z'usla
1437 2268 1528 2316 plus
1549 2272 1660 2316 porse

265 2340 450 2387 relz'nquz'l.
512 2337 640 2374 Poena
672 2336 851 2385 Scorpius
881 2336 1016 2373 dicitur
1044 2341 1201 2384 propter
1230 2333 1507 2370 immanitatem
1537 2344 1659 2369 mem-

266 2406 423 2442 brorum
454 2411 492 2440 et
520 2402 693 2440 crudeles
722 2402 831 2447 ictus,
863 2401 957 2438 sicut
992 2401 1096 2446 Ποινὴ
1126 2398 1338 2449 appellatur
1367 2410 1389 2435 a
1418 2397 1607 2434 Pausania
1636 2397 1659 2433 i.

269 2483 330 2517 43.
356 2479 375 2518 7
404 2476 622 2506 monstrum
642 2466 746 2517 quod
767 2466 907 2515 Apollo
927 2465 1082 2515 Argiuis
1102 2464 1269 2510 immisit,
1295 2463 1437 2501 occidit
1459 2462 1660 2500 Coroebus

269 2534 381 2572 Ouid.
408 2534 463 2572 Ib.
492 2542 580 2581 575,
605 2532 695 2570 Stat.
717 2531 843 2569 Theb.
868 2532 889 2568 i.
917 2533 993 2579 605
1025 2543 1108 2581 sqq.
1132 2529 1252 2580 sugsl
1279 2529 1342 2566 uix
1374 2528 1462 2566 satis
1492 2527 1657 2578 proprie,
