1786 2878
814 158 846 189 V
1453 159 1533 201 193

140 267 159 305 Ι
189 266 297 305 think
323 266 483 316 right1y3
523 265 550 303 it
581 276 711 302 recurs
741 263 907 314 perhaps
939 262 978 299 in
1011 272 1110 311 1195
1130 263 1253 312 frons
1281 266 1377 299 lenta
1407 261 1535 307 nnbat,

139 333 205 371 i.e.
235 333 399 379 minabat,
428 332 492 369 the
526 330 586 369 IN
620 330 760 379 having
793 329 908 366 fallen
941 334 1008 366 out
1046 327 1145 365 from
1183 328 1229 365 its
1267 327 1428 375 looking
1460 327 1534 365 like

140 397 301 436 another
321 397 377 435 M.
431 397 520 434 The
540 396 724 444 meaning
743 395 773 432 is
795 394 928 432 shown
947 394 986 431 in
1000 393 1070 431 -the
1091 393 1314 442 compound
1336 394 1534 437 imminere,

142 466 218 501 “to
239 463 343 512 hang
362 460 488 509 over‚’'
510 475 532 499 a
551 461 657 499 word
677 473 765 510 very
785 459 1001 509 expressive
1023 458 1141 496 either
1160 458 1204 496 of
1225 457 1287 495 the
1308 470 1429 506 upper
1450 464 1535 506 part

140 528 183 567 of
207 542 230 566 a
252 528 374 566 house
398 528 559 578 bulging
586 534 653 565 out
680 525 756 563 and
785 525 996 575 appearing
1025 537 1077 562 on
1103 523 1164 561 the
1191 524 1299 573 point
1328 531 1367 560 to
1396 523 1469 568 fall,
1491 535 1536 560 or

140 593 186 632 of
210 606 232 631 a
261 594 368 631 brow
396 593 518 644 heavy
546 592 623 630 and
652 591 918 640 overhanging
947 590 1010 627 the
1041 596 1116 627 rest
1145 589 1191 627 of
1216 588 1278 626 the
1308 588 1399 633 face,
1426 600 1466 625 as
1498 589 1535 624 in

141 671 271 697 severe
313 657 464 697 illness.'
532 658 622 696 Hoc
666 663 835 708 recepto,
877 664 1002 694 cetera
1049 656 1099 693 ad
1144 655 1325 704 Scaligeri
1363 662 1536 691 mentem

140 725 309 763 scribas:

824 787 912 825 facit
942 800 1010 825 ora
1039 787 1208 823 minere:

304 854 457 893 Frontis
487 867 531 892 ac
562 853 690 892 uultus
719 853 918 902 componit
947 853 1121 903 pondere
1151 851 1305 888 mentis.

144 937 219 975 Sed
253 949 342 975 cum
380 950 524 974 seuerae
561 942 754 987 praestent
786 935 940 973 Gembl.
974 942 1009 972 et
1043 934 1161 984 Lips.,
1197 946 1365 971 seuerare
1395 929 1536 977 Voss.²‚

142 1003 264 1042 multo
292 1003 372 1041 ueri
401 1002 561 1041 similius
591 1008 647 1040 est
676 1001 881 1039 Manilium
912 1001 1090 1051 scripisse

794 1075 883 1113 facit
916 1087 985 1112 ora
1018 1087 1174 1112 seuerae

305 1143 469 1190 Frontis,
498 1146 533 1180 el
558 1156 581 1179 α
609 1142 737 1179 uultus
767 1141 965 1190 componit
994 1140 1165 1190 pondere
1195 1139 1347 1177 mentis.

197 1225 245 1264 V.
268 1236 345 1274 455
367 1238 451 1275 sqq.
473 1226 526 1263 sic
548 1232 637 1263 sunt
657 1225 695 1262 in
715 1224 871 1261 Gembl.

305 1303 513 1340 Tutorisue
543 1302 789 1351 supercilium
818 1300 989 1350 patruiue
1019 1300 1184 1349 rigorem

306 1368 560 1417 Component
589 1374 741 1404 teneros
770 1366 885 1404 etiarn
915 1366 980 1415 qui
1009 1365 1150 1403 nutriat
1179 1377 1303 1402 annos

305 1432 356 1470 Et
385 1433 586 1470 dominum
615 1432 782 1470 dominis
811 1438 1007 1480 praetexta
1036 1431 1119 1480 lege
1145 1437 1326 1479 sequatur

307 1498 503 1548 Quodque
533 1498 610 1547 agit
638 1497 675 1534 id
705 1497 835 1535 credat
863 1496 1098 1546 stupefactus
1127 1496 1294 1544 imagine
1324 1494 1426 1532 iuris.

201 1590 277 1629 455
318 1581 554 1630 Tutorisque
603 1579 714 1617 Voss?
764 1579 938 1628 patruiue
988 1582 1092 1627 ‘post
1137 1578 1148 1614 i
1195 1591 1271 1614 una
1319 1579 1387 1614 litt.
1432 1572 1539 1613 eras?

150 1647 384 1685 Thomasz'us.
418 1645 566 1682 Fuerat
602 1645 814 1694 patruique.
892 1653 967 1692 457
1004 1644 1185 1681 dominus
1228 1644 1394 1692 plerique
1431 1654 1541 1691 prae-

144 1719 250 1750 texta
285 1713 394 1748 etiam
438 1710 551 1749 Voss}
585 1717 804 1760 praetextae
843 1722 863 1746 0
895 1709 915 1746 b
949 1722 1029 1746 cum
1063 1710 1258 1758 plerisque.
1336 1709 1412 1755 458
1453 1713 1542 1756 agat

136 1778 314 1828 plerique.

200 1842 426 1881 Gronouius
456 1841 620 1880 Obseru.
649 1840 686 1879 ii.
720 1853 763 1878 11
797 1841 869 1878 ‘ita
898 1840 1213 1888 interpretamur:
1250 1838 1329 1885 Qui
1360 1837 1541 1876 dominus

145 1905 346 1944 dominum
374 1910 566 1954 sequatur,
598 1911 635 1941 et
663 1903 769 1953 quod
798 1903 885 1952 agit,
914 1901 1018 1952 quod
1051 1902 1148 1951 gerit
1181 1901 1394 1951 imperium,
1423 1911 1542 1950 quem

145 1971 308 2008 mimum
337 1969 509 2016 domini;
553 1968 592 2006 id
621 1968 762 2014 credat,
788 1967 827 2005 id
857 1980 896 2005 se
927 1967 1066 2005 habere
1097 1979 1241 2013 reuera,
1269 1978 1358 2003 eum
1388 1978 1427 2003 se
1457 1977 1541 2002 esse

145 2037 296 2086 opinari
326 2035 457 2086 possit,
493 2035 677 2085 deceptus
708 2041 745 2071 et
783 2033 986 2070 blandiens
1023 2033 1093 2070 sibi
1125 2033 1292 2081 imagine
1328 2031 1542 2080 potestatis,

146 2115 243 2155 quae
272 2103 306 2140 ei
336 2102 520 2139 mandata
550 2100 632 2138 est.’
702 2100 791 2138 Hoc
827 2100 967 2148 recepit
1001 2099 1208 2136 Bentleius.
1279 2097 1473 2135 Nimirum
1503 2096 1547 2133 z'd

146 2169 274 2206 credat
299 2167 403 2204 nullo
432 2166 549 2204 modo
579 2172 705 2215 potest
734 2165 783 2202 ad
812 2166 911 2201 iuris
940 2163 1078 2210 referri,
1103 2164 1208 2213 quod
1237 2163 1423 2201 artissime
1454 2173 1543 2199 cum

146 2234 310 2283 imagine
333 2233 523 2278 cohaeret,
544 2231 611 2269 sed
638 2238 694 2268 est
717 2230 739 2267 i.
760 2243 795 2280 q.
816 2242 951 2267 uerum
978 2230 1110 2267 credat
1136 2242 1217 2267 esse
1243 2229 1322 2266 siue
1349 2240 1439 2265 uere
1467 2226 1542 2275 agi,

146 2311 220 2337 nec
243 2298 492 2336 simulacrum
515 2304 665 2334 tantum
692 2308 776 2333 esse
804 2295 1017 2344 potestatis,
1040 2295 1108 2332 sed
1137 2307 1268 2332 ueram
1294 2299 1543 2343 potestatem.

150 2365 203 2401 ‘A
222 2363 436 2401 care-taker
451 2362 538 2400 who
559 2361 712 2399 attends
732 2361 790 2398 his
810 2372 943 2410 young
963 2368 1104 2398 master
1126 2358 1348 2409 (dominum)
1371 2357 1460 2394 with
1482 2357 1544 2395 the

148 2428 340 2478 authority
369 2427 412 2466 of
440 2440 463 2465 a
492 2434 634 2464 master
664 2425 866 2476 (dominus)
896 2426 973 2463 and
1003 2425 1166 2463 believes
1197 2425 1276 2462 that
1305 2423 1364 2461 his
1394 2429 1475 2460 acts
1504 2421 1550 2459 of

148 2492 328 2532 assumed
355 2493 435 2531 rule
464 2505 528 2530 are
555 2505 578 2529 a
606 2491 748 2541 reality‚
769 2490 998 2528 bewildered
1019 2492 1068 2540 by
1089 2489 1150 2527 the
1178 2488 1404 2527 counterseit
1431 2487 1545 2538 juris-

150 2559 293 2597 diction
312 2557 360 2596 he
380 2557 587 2597 exercises!

837 2634 861 2659 o
