1786 2878
780 188 804 218 l
1435 192 1485 231 19

95 303 234 342 Cetera
271 309 371 342 recte
410 304 526 342 credo
566 303 718 342 Gembl.
758 316 954 341 seruasse:
1008 304 1224 342 Vossianos
1268 305 1297 341 si
1338 315 1486 354 sequar,

95 370 261 408 scribam

256 435 321 472 An
349 435 472 473 maior
501 435 636 473 densat
665 435 858 473 stellarum
887 433 1002 472 turba
1027 448 1208 474 coronam

258 500 473 539 Contextim
503 501 719 547 flammans,
749 501 797 538 de
827 513 958 539 crasso
989 501 1132 538 lumine
1162 501 1336 545 candens,

258 566 307 603 Et
333 565 481 615 fulgore
511 566 603 604 nitet
631 567 777 604 caelato
806 566 942 604 clarior
970 567 1102 604 orbis?

96 638 137 669 ut
160 633 235 680 756
255 631 433 670 euaderet
453 631 729 669 Ciceronianus
749 632 983 670 hexameter.

151 697 180 734 I.
204 699 291 745 758,
315 710 337 745 9
368 697 422 734 sic
442 703 574 735 extant
594 697 633 734 in
655 697 808 735 Gembl.

258 763 323 800 An
351 762 647 801 fortes-animae
676 762 909 812 dignataque
939 763 1098 801 nomina
1128 763 1234 800 caelo

260 828 500 878 Corporibus
529 828 694 866 resoluta
723 828 802 865 suis
830 835 1028 878 terraeque
1058 829 1214 865 remissa

155 895 231 942 760
261 894 352 931 Huc
375 894 541 943 migrant
569 906 617 931 ex
647 894 741 931 orbe
771 905 961 943 suumque
992 894 1202 931 habitantia
1232 893 1382 931 caelum

258 959 460 997 Aetherios
488 959 624 996 uiuunt
653 971 775 996 annos
806 959 1031 1009 mundoque
1062 959 1265 997 fruuntur?

289 1033 310 1054 O

157 1069 231 1116 758
259 1067 420 1105 numina
445 1068 465 1105 b
492 1068 649 1105 numine
670 1081 689 1104 o
718 1067 862 1105 lumina
892 1067 1004 1105 I'oss.l
1025 1073 1059 1105 el
1087 1067 1176 1106 Cus.
1206 1068 1349 1105 lumine
1382 1065 1494 1104 Voss.²

99 1134 260 1171 numina
279 1132 400 1172 Bentl.
513 1144 588 1182 759
609 1140 783 1184 terraque
800 1132 922 1170 Benll.
1037 1136 1109 1182 761
1134 1133 1303 1170 feruntur
1329 1132 1501 1169 I'ossz‘anz‘

99 1204 132 1236 el
148 1212 178 1236 0.

154 1264 369 1302 Bentleium
382 1264 561 1314 quamuis
573 1263 766 1302 Burtonus
778 1264 912 1302 iniuria
925 1264 1207 1314 reprehenderit
1221 1264 1329 1314 quasi
1343 1264 1496 1300 numina

100 1330 153 1368 sic
180 1330 335 1367 demum
363 1337 522 1380 possent
546 1330 676 1368 uocari
700 1337 907 1379 postquam
936 1330 975 1366 in
1003 1330 1152 1368 caelum
1179 1335 1331 1378 recepta
1357 1334 1496 1373 essent,

100 1396 203 1434 malo
227 1396 286 1434 hic
303 1395 456 1434 Gembl.
473 1395 591 1445 sequi.
640 1394 744 1432 Nam
765 1395 866 1433 idem
882 1395 1076 1433 Burtonus
1092 1397 1240 1432 nomina
1260 1402 1361 1432 recte
1381 1395 1496 1430 inter-

101 1468 268 1511 pretatus
284 1467 341 1499 est
360 1461 537 1499 homines
559 1460 669 1498 claris
690 1460 910 1498 nominibus
933 1461 1146 1510 insignitos,
1163 1472 1328 1510 quorum
1345 1460 1497 1497 animae

101 1527 140 1564 in
161 1527 325 1564 lacteum
346 1527 529 1564 circulum
551 1527 630 1564 siue
651 1526 842 1575 galaxiam
872 1526 1127 1564 credebantur
1152 1526 1363 1575 peruenire.
1422 1525 1498 1561 Ita-

102 1604 177 1641 que
208 1591 434 1630 Africanum
467 1592 604 1629 Cicero
637 1591 700 1641 (de
736 1591 834 1640 Rep.
859 1591 905 1627 vi.
933 1590 1016 1640 fin.)
1050 1591 1235 1629 maiorem
1269 1596 1305 1627 et
1335 1590 1497 1627 Paulum

102 1663 251 1707 patrem
279 1658 438 1695 minoris
458 1657 628 1694 Africani
649 1669 737 1694 cum
764 1656 839 1695 hoc
867 1656 954 1694 fecit
979 1656 1243 1706 colloquentes
1270 1657 1308 1693 in
1333 1655 1497 1705 galaxia.

104 1722 281 1769 Quorum
302 1722 444 1760 Paulus
474 1722 568 1760 haec
595 1722 672 1760 filio
694 1734 763 1759 suo
785 1722 917 1759 dicens
947 1722 1148 1767 inducitur,
1171 1720 1250 1772 (16.
1276 1719 1339 1771 15>
1359 1734 1399 1757 ea
1419 1722 1499 1757 uz'la

105 1786 283 1838 (iustitiae
308 1794 346 1826 et
375 1786 544 1838 pietatis)
565 1789 629 1824 uia
655 1793 708 1825 est
734 1789 773 1825 z'n
799 1789 938 1825 caelum
965 1792 998 1824 el
1019 1789 1058 1825 in
1084 1788 1181 1824 hunc
1206 1791 1338 1824 coelum
1363 1798 1498 1830 eorum,

103 1855 173 1904 qui
193 1854 267 1891 iam
298 1854 483 1892 uz'xerunt
513 1858 547 1891 el
576 1860 724 1903 corpore
754 1855 886 1891 laxalz‘
914 1855 1019 1890 illum
1058 1853 1222 1890 incolunt
1252 1853 1367 1889 locum
1397 1864 1499 1900 quem

104 1919 208 1957 uides
221 1932 236 1958 .·
265 1919 363 1957 filius
383 1927 523 1963 autem,
544 1925 584 1956 ut
604 1931 626 1957 a
647 1931 787 1957 somno
808 1919 1026 1956 recordatus
1052 1926 1108 1956 est
1138 1918 1192 1955 sic
1222 1918 1352 1955 locum
1378 1917 1500 1966 pergit

105 1985 322 2023 describere
337 1996 345 2022 :
374 1990 457 2022 erat
468 1990 586 2022 aulem
603 1986 636 2022 is
654 1985 943 2034 splendz'dzsst'mo
958 1985 1114 2021 candore
1128 1984 1223 2020 inter
1231 1984 1411 2033 flammas
1425 1984 1500 2019 cz'r-

105 2064 170 2088 cus
187 2052 336 2097 elucens,
356 2063 458 2100 quem
479 2064 554 2096 uos,
576 2054 618 2087 ul
638 2063 661 2087 a
688 2050 807 2088 Grais
826 2051 1025 2099 accepistis,
1046 2049 1163 2086 orbem
1191 2049 1340 2085 lacleum
1361 2061 1500 2085 nuncu-

101 2116 212 2165 patis.
269 2116 387 2154 Hunc
416 2123 541 2154 totum
570 2116 699 2153 locum
726 2115 773 2153 de
803 2115 957 2153 somnio
988 2114 1179 2163 Scipionis
1207 2113 1406 2151 Manilio*÷
1430 2113 1500 2150 ob-

105 2187 300 2219 uersatum
336 2181 451 2220 credo
484 2188 521 2219 et
554 2181 644 2219 hinc
684 2181 757 2218 dici
791 2182 940 2217 nomina
977 2180 1203 2229 Corporibus
1235 2180 1390 2216 resoluta
1422 2180 1501 2215 suis

107 2251 294 2295 terraeque
312 2248 463 2284 remissa
484 2246 661 2284 uidelicet
680 2259 726 2284 ex
753 2247 846 2284 orbe
868 2258 937 2283 suo
962 2246 1027 2283 ubi
1050 2246 1089 2282 in
1110 2246 1216 2283 terris
1236 2244 1501 2282 habitauerant

107 2311 293 2360 migrasse
312 2312 351 2349 in
371 2311 536 2350 lacteum
557 2312 752 2350 circulum.
810 2311 913 2349 Nam
934 2312 972 2348 in
993 2323 1040 2349 eo
1064 2311 1204 2348 multus
1228 2317 1284 2347 est
1304 2310 1440 2348 Cicero
1460 2316 1501 2345 ut

108 2376 157 2414 de
199 2377 277 2415 uita
314 2377 387 2415 hac
426 2377 578 2415 mortali
615 2385 799 2427 tanquam
838 2389 1001 2423 carcere,
1037 2376 1085 2414 de
1119 2388 1282 2426 corpore
1316 2381 1500 2423 tanquam

152 2508 171 2528 *
193 2509 286 2541 Idem
317 2510 476 2542 intellexit
507 2510 678 2542 Lansonus
708 2510 749 2541 de
781 2510 898 2541 Manil.
929 2511 1019 2541 Poet.
1051 2520 1083 2550 p.
1116 2518 1156 2549 39
1189 2510 1197 2524 ‘
1211 2509 1296 2539 Ante
1326 2506 1502 2538 Manilium

111 2559 220 2584 autem
236 2554 287 2585 cui
304 2554 428 2595 placuit
445 2555 559 2585 eadem
581 2555 738 2595 suspicari
755 2564 793 2584 ac
810 2556 957 2594 sperare?
1005 2553 1081 2584 Non
1099 2563 1174 2583 sane
1191 2552 1288 2582 alicui
1306 2551 1500 2589 Stoicorum,

111 2597 168 2628 sed
183 2597 334 2629 Ciceroni
350 2598 442 2629 cuius
458 2599 621 2629 somnium
639 2597 801 2640 Scipionis
814 2597 893 2627 mihi
911 2597 1038 2628 videtur
1055 2596 1216 2627 Manilius
1231 2606 1299 2626 esse
1316 2592 1482 2625 imitatus.‘

779 2654 841 2679 C2
