1786 2878
833 137 862 168 V
1458 137 1538 180 179

146 258 308 295 mergere
335 257 414 283 non
443 245 657 295 appositiue
687 245 859 282 subnecti
889 244 1110 282 accusatiuo
1139 248 1249 289 arses,
1282 242 1349 281 sed
1378 255 1423 281 ex
1456 243 1540 293 ipso

146 311 329 361 primario
348 312 467 349 uerbo
488 310 690 359 Ingenerat
707 311 886 359 quamuis
906 310 1111 347 remotiore
1132 310 1311 359 pendere.

201 375 249 413 V.
273 389 347 425 299
369 389 452 426 sqq.
473 376 526 413 sic
547 382 676 413 extant
697 375 735 412 in
756 374 910 413 Gembl.

310 452 427 499 Quod
455 453 571 490 totius
599 452 739 490 tecicro
768 452 939 489 dederim
968 451 1123 490 sidusue
1152 452 1359 501 genusne?

202 529 281 566 300
311 518 422 555 Teue
450 518 675 567 philoctetae
705 518 764 555 cui
793 517 938 554 mallim
968 517 1121 555 credere
1151 517 1275 566 parti?

312 584 494 621 Hectoris
522 583 582 620 ille
610 582 713 620 faces
742 595 831 620 arcu
862 583 1014 632 teloque
1043 582 1190 631 fugauit

312 647 568 698 Mittebatque
597 661 687 686 suos
718 649 827 697 ignes
857 655 893 686 et
923 648 1025 685 mille
1055 648 1194 685 carinis

313 715 391 752 Hic
420 720 545 752 ortam
574 713 794 763 pharetram
823 714 943 751 troiae
972 714 1193 763 bellumque
1222 714 1382 762 gerebat

318 779 446 818 Maior
475 787 512 817 et
541 780 695 817 armatis
723 779 841 817 hostis
871 779 1095 817 subsederat
1123 779 1223 817 exul.

206 876 282 912 299
317 863 431 901 totius
471 860 585 899 Voss.2
614 868 739 899 totum
779 859 889 898 Voss.1
920 861 940 897 b
960 874 979 898 0
1012 861 1140 910 potius
1174 860 1345 910 Scalzgrer
1400 860 1544 898 tecicro

160 928 275 966 Voss.2
297 929 398 966 circo
421 926 531 965 Voss.1
547 934 679 964 teucro
700 927 720 964 b
735 940 753 963 0
773 928 825 964 ed.
847 926 958 964 Rom.
979 937 1094 974 1510.
1137 939 1211 975 301
1236 939 1326 964 arcu
1347 926 1544 974 telumque

160 995 274 1032 Wss.²
295 1006 407 1031 arcus
431 1000 468 1030 et
497 993 571 1031 tela
602 991 706 1042 (tella
733 992 769 1042 ο)
800 992 889 1030 Czcs.
921 991 1032 1029 ΠΜ]
1056 993 1119 1030 bo.
1180 1005 1253 1040 302
1287 992 1545 1040 interpolatum

149 1061 306 1096 credidit
321 1059 520 1096 Benllez'us.
568 1071 643 1107 303
665 1065 789 1095 ortam
809 1058 1030 1107 pharetram
1056 1056 1169 1095 Vossff
1191 1057 1279 1095 Cus.
1296 1065 1431 1095 ortam
1452 1056 1546 1105 pha-

149 1133 250 1163 retro
277 1123 389 1162 Voss?
410 1131 537 1161 autem
559 1124 775 1173 pharetram
796 1123 816 1161 b
829 1136 847 1160 ο
868 1123 945 1161 Hic
966 1130 1109 1160 sortem
1130 1123 1307 1172 pharetra
1327 1122 1528 1159 Bentlcz'us.

204 1203 240 1228 u.
259 1204 347 1239 302,
365 1191 396 1228 si
416 1190 536 1227 modo
556 1189 697 1227 nothus
719 1202 798 1226 non
820 1195 888 1235 est,
906 1189 1017 1226 ualde
1035 1189 1289 1238 deprauatum
1310 1187 1547 1225 tradiderunt

149 1257 315 1302 codices,
329 1269 401 1294 nec
416 1256 579 1292 multum
594 1255 761 1292 lacobus
774 1254 912 1304 profuit
926 1254 1154 1303 corrigendo
1162 1253 1401 1291 Alloem'busA
1411 1254 1546 1301 rgz‘m’s.

151 1322 293 1360 Melius
310 1322 480 1371 Scaliger
494 1321 693 1370 scripserat
707 1320 883 1358 Matebat
893 1321 1045 1368 quinos,
1060 1321 1186 1369 zgrnezs,
1201 1320 1239 1356 in
1253 1321 1350 1356 mille
1362 1320 1515 1356 carinas
1528 1332 1547 1361 ,-

151 1388 220 1425 sed
240 1401 287 1425 ne
305 1387 377 1425 hoc
399 1387 557 1436 quidem
581 1399 603 1422 a
625 1386 798 1424 Manilio.
856 1385 1035 1422 Fortasse
1056 1385 1176 1422 fuerat

315 1452 493 1491 Mittebat
523 1464 635 1490 seuos
665 1451 836 1502 (saeuos)
868 1451 976 1500 ignes
1006 1451 1070 1500 qui
1102 1450 1204 1488 mille
1234 1450 1373 1488 carinis

152 1519 213 1557 uel

317 1583 393 1631 Qui
425 1595 537 1621 seuos
566 1583 675 1631 ignes
705 1582 881 1619 mittebat
910 1581 1013 1618 mille
1043 1581 1192 1619 carinis.

206 1667 368 1704 Dixerat
391 1665 553 1715 Ulysses
582 1664 685 1713 apud
716 1663 902 1702 Ouidium
933 1671 1067 1702 contra
1094 1663 1255 1700 Aiacem
1285 1662 1550 1700 sermocinans

154 1733 248 1771 Met.
284 1732 360 1769 xiii.
396 1741 466 1779 177
509 1731 620 1779 Vsque
648 1731 742 1767 alios
777 1735 926 1775 taceam,
960 1731 1028 1779 qui
1057 1742 1207 1766 saeuum
1242 1729 1396 1777 perdere
1429 1732 1554 1777 posset

153 1799 318 1836 Hectora
361 1803 481 1845 nempe
519 1797 608 1842 dedi,
647 1802 685 1833 et
722 1808 815 1833 mox
862 1798 933 1832 182
975 1795 1188 1843 Aulidaque
1225 1793 1429 1830 Euboicam
1467 1807 1550 1830 con-

148 1867 302 1915 plerunl
336 1864 432 1901 mille
464 1863 626 1899 carinae.
690 1860 804 1899 Certe
839 1861 888 1898 ad
924 1861 1110 1906 Hectora,
1146 1872 1225 1897 non
1259 1859 1307 1896 ad
1340 1859 1550 1905 Teucrum,

154 1930 420 1979 imperfectum
450 1928 612 1965 mildehal
639 1927 881 1964 referendum
909 1938 1060 1964 censeo.
1118 1925 1231 1962 Pont.
1260 1925 1306 1962 iv.
1341 1934 1373 1973 7.
1404 1937 1467 1970 41,
1500 1937 1548 1970 42

160 1996 267 2033 Talis
285 1995 388 2044 apud
407 1994 559 2031 Troiam
581 1992 736 2029 Danais
757 1999 830 2040 pro
854 1992 1014 2029 nauibus
1034 1991 1149 2028 Aiax
1168 1990 1328 2028 Dicitur
1348 1990 1552 2027 Hectoreas

154 2063 374 2099 sustinuisse
384 2061 509 2111 faces.

210 2127 336 2165 Totus
365 2126 474 2163 locus
505 2125 558 2162 sic
588 2123 738 2162 euadit:

318 2203 438 2249 Quod
468 2202 593 2252 potius
624 2201 781 2238 Teucro
811 2199 982 2237 dederim
1012 2199 1166 2237 sidusue
1196 2199 1397 2248 genusne?

320 2269 443 2313 Teue,
474 2268 696 2311 Philoctete,
728 2266 789 2303 cui
819 2265 949 2302 malim
979 2265 1135 2302 credere
1166 2265 1287 2313 parti?

321 2333 502 2372 Hectoris
532 2333 594 2370 ille
624 2332 727 2369 faces
757 2343 848 2368 arcu
878 2330 1030 2379 teloque
1060 2330 1216 2379 fugauit,

321 2399 499 2436 Mittebat
528 2409 666 2435 saeuos
694 2397 803 2445 ignes
833 2396 898 2445 qui
926 2395 1028 2433 mille
1058 2396 1208 2432 carinis.

323 2464 401 2501 Hic
431 2470 572 2501 sortem
602 2463 778 2512 pharetra
807 2461 952 2499 Troiae
981 2461 1201 2509 bellumque
1231 2461 1401 2508 gerebat,

324 2528 453 2567 Maior
481 2535 517 2566 et
546 2528 702 2566 armatis
730 2527 851 2564 hostis
880 2526 1101 2564 subsederat
1132 2525 1232 2563 exul.

824 2605 847 2630 N
871 2604 890 2629 2
