1786 2878
296 128 361 169 xii
716 136 1031 169 CONSPECTVS
1063 137 1210 169 CODJC
1217 136 1299 169 VM.

442 239 542 274 1881.
593 239 760 284 Scriptus
787 238 932 274 uidetur
962 251 1059 275 saec.
1085 252 1131 274 xv
1159 240 1232 274 iam
1259 245 1446 284 uergente,
1471 250 1540 275 nec
1566 238 1614 274 ad
1641 239 1693 275 in-

438 301 651 340 corruptum
680 296 878 340 exemplar,
909 295 975 330 sed
1002 296 1099 340 quod
1126 295 1293 340 plurimis
1320 294 1410 329 locis
1435 294 1694 340 interpolatum

438 355 550 384 esset.
604 351 733 384 Insunt
752 357 876 385 tamen
894 351 1069 385 nonnulla
1086 350 1236 385 maioris
1256 349 1373 395 pretii.

343 405 374 440 b.
403 405 628 440 Bodleianus
656 406 697 440 F.
723 405 768 439 iv.
789 415 844 449 34,
870 417 966 441 saec.
989 418 1034 439 xv
1058 406 1288 441 chartaceus.
1341 407 1382 439 In
1410 405 1590 451 principio
1608 406 1652 440 L.
1677 415 1691 440 1

437 461 505 495 ,Μ
519 461 667 494 lllanlz'l
681 463 808 506 poetae
818 461 1106 496 Astronomicon
1120 462 1215 495 liber
1219 463 1374 506 primus
1386 462 1522 505 incipit
1525 461 1697 506 feliciter

436 516 507 551 Ad
517 517 766 551 Octauianum
779 517 1012 561 Augustum.
1054 518 1097 551 In
1116 518 1216 552 calce
1235 517 1296 551 lib.
1311 517 1344 550 V
1385 517 1539 550 FJNJS
1587 517 1695 551 Visus

435 583 518 606 cum
537 573 748 617 exemplari
764 573 804 606 in
821 583 895 616 quo
912 573 1040 606 mende
1056 576 1167 606 erant
1182 584 1256 606 non
1274 572 1388 606 nulle.
1433 571 1589 606 Videtur
1605 571 1694 606 olim

436 627 551 662 fuisse
570 627 656 662 Nic.
676 627 833 670 Heinsii‚
852 627 955 662 cuius
980 628 1016 662 in
1038 627 1253 662 uenditione
1274 628 1449 662 librorum
1467 634 1612 672 emptus
1636 634 1693 662 est

437 695 470 717 a.
493 683 580 717 1682
596 682 616 717 ¹.

390 739 586 773 Praeterea
619 745 792 784 quattuor
824 738 1026 773 Vaticanos
1061 738 1209 774 codices
1242 749 1326 773 meo
1366 743 1499 782 rogatu
1537 736 1694 783 inspexit

439 798 602 832 Ioannes
634 797 766 841 Bollig,
793 797 832 832 S.
857 798 901 842 J.‚
929 796 1024 832 inter
1049 797 1256 842 praefectos
1287 797 1549 832 bibliothecae.
1598 798 1693 832 Sunt

436 860 563 887 autem

485 929 515 954 1.
541 920 626 954 Vat.
646 929 738 964 3099
756 920 872 954 chart.
890 930 988 953 saeC.
1006 919 1077 962 xvi,
1098 920 1112 954 Ι
1133 926 1168 954 et
1188 919 1334 954 initium
1355 920 1392 954 II
1414 919 1621 955 continens.

484 985 517 1010 2.
543 976 631 1010 Vat.
651 976 743 1020 5160
759 976 875 1010 chart.
895 986 991 1010 saec.
1009 987 1068 1010 xv.

483 1040 516 1074 3.
541 1030 702 1066 Vrbinas
720 1031 788 1074 667
807 1041 905 1065 saec.
922 1042 980 1065 xv.

483 1096 516 1129 4.
541 1086 702 1121 Vrbinas
721 1086 789 1121 668
808 1097 905 1121 saec.
922 1098 980 1120 xv·

389 1141 537 1176 Horum
562 1141 739 1177 lectiones
764 1142 813 1176 ad
841 1142 915 1176 ΙΙΙ.
933 1142 1013 1185 614,
1034 1141 1100 1186 615
1128 1147 1164 1176 et
1193 1142 1255 1177 IV.
1279 1142 1348 1185 804
1373 1147 1564 1187 excerptas
1591 1140 1692 1176 idem

437 1197 616 1242 Bolligius
633 1198 682 1232 ad
698 1209 758 1232 me
779 1197 891 1232 misit.

336 1282 348 1302 ¹
372 1284 461 1315 Nam
479 1283 660 1316 Falconero
675 1283 802 1315 Madau
818 1283 906 1314 idem
922 1283 1062 1315 habetur
1076 1283 1132 1324 qui
1147 1283 1179 1314 in
1197 1283 1362 1325 Catalogo
1379 1284 1509 1316 Heinsii
1530 1284 1690 1315 librorum

294 1338 333 1359 ac
365 1327 516 1402 eoqucum
546 1333 617 1359 tum
647 1328 808 1370 impresso
839 1338 914 1358 cum
945 1328 1146 1367 uaenierunt,
1176 1334 1364 1359 numeratus
1393 1333 1443 1360 est
1476 1338 1547 1370 299,
1577 1339 1608 1369 p.
1637 1327 1689 1366 86,

293 1376 397 1413 partis
452 1395 458 1402 .
