1786 2878
753 138 778 168 J
1415 138 1466 180 15

77 258 129 297 Si
143 258 225 308 quz‘s
234 257 344 309 sbrie
369 268 483 293 manu
502 262 667 305 premere
688 267 733 292 ac
752 255 891 292 siccare
908 256 1036 301 saeuit,
1056 254 1343 304 comparatione
1370 254 1470 292 faeta

77 336 213 362 sucum
241 323 347 368 cibis,
376 333 517 372 aquam
547 320 721 370 spongiis
749 320 999 370 exprimendi.
1055 320 1106 358 Et
1135 320 1187 358 ΙΙ.
1216 322 1291 366 284
1322 321 1470 358 dextris

77 403 139 426 ceu
172 401 285 426 causa
317 389 357 425 in
386 401 447 425 seu
478 400 592 424 causa
617 387 766 424 uidetur
795 387 945 424 abiisse.
988 386 1080 436 ‚Sed
1110 387 1149 423 in
1180 385 1328 424 Manilii
1357 398 1470 424 uersu

79 455 109 492 Ι.
131 457 204 503 637
228 467 290 491 ceu
318 465 399 490 non
425 452 677 502 comparandi
705 452 789 490 uice
817 452 997 501 fungitur,
1027 452 1094 489 sed
1122 451 1311 501 exempli:
1342 451 1470 500 itaque

951 516 979 536 52

78 552 268 590 excidisse
295 551 421 600 potius
448 549 674 599 particulam
703 561 788 588 reor
808 561 908 599 quae
927 563 989 586 seu
1017 550 1277 599 praecesserit.
1335 548 1470 585 Fuitne

79 630 177 663 nam,
198 623 240 654 ut
259 615 454 653 Bentleius
477 615 629 653 uoluit?
685 614 789 652 Nam
810 615 915 665 quod
941 615 1034 652 olim
1063 614 1156 652 mihi
1185 614 1376 664 placuerat
1405 612 1470 650 En

80 694 183 720 nunc
205 682 331 719 minus
351 681 489 731 probo.

134 758 165 796 I.
189 766 372 807 705-709

137 833 212 873 705
241 824 300 861 Ac
329 822 447 871 ueluti
474 822 615 860 uirides
644 821 824 860 discernit
853 822 989 859 semita
1018 833 1189 870 campos,

242 889 372 935 Quam
401 888 484 925 terit
513 888 666 925 assiduo
695 900 888 925 renouans
917 888 985 925 iter
1014 887 1138 925 orbita
1166 893 1299 932 tractu,

241 954 348 991 Inter
377 954 520 992 diuisas
550 954 773 1004 aequalibus
802 962 859 991 est
887 965 950 990 uia
978 960 1117 1002 partes.

243 1019 296 1057 Vt
324 1019 420 1057 freta
448 1026 657 1057 canescunt
687 1019 833 1056 sulcum
863 1019 1026 1056 ducente
1055 1018 1183 1055 carina

243 1085 523 1135 Accipiuntque
553 1084 655 1122 uiam
684 1084 821 1122 fluctus
850 1084 1117 1134 spumantibus
1145 1083 1270 1120 undis.

140 1203 213 1243 707
237 1149 367 1232 diffisi}
387 1193 524 1232 Gembl.
539 1193 680 1232 diuisas
703 1193 876 1231 Vossianz'
889 1197 922 1230 et
939 1205 969 1239 ο,
985 1202 1013 1243 q
1033 1192 1095 1231 uia
1118 1190 1230 1229 Voss.2
1246 1192 1430 1240 equabilis
1443 1192 1473 1229 b.

94 1260 228 1299 Versus
247 1260 486 1309 inlerpolalus
506 1261 610 1296 uisus
629 1263 682 1296 est
698 1258 874 1296 Bentlee'o.

139 1325 395 1375 Comparatur
432 1325 604 1373 galaxias
641 1337 729 1362 cum
768 1324 902 1361 semita
939 1336 1036 1373 quae
1084 1335 1220 1372 agrum
1267 1322 1474 1373 aequaliter

85 1391 231 1429 diuidit.
299 1391 403 1428 Inter
445 1393 520 1437 706
559 1397 596 1428 et
642 1399 714 1438 707
761 1389 928 1427 Iacobus
966 1389 1124 1426 credidit
1165 1401 1286 1425 unum
1320 1400 1474 1425 uersum

85 1457 285 1494 excidisse.
343 1454 442 1493 Mihi
471 1468 519 1493 ex
539 1455 671 1494 Voss.2
691 1455 888 1505 suppetiae
918 1454 1046 1504 potius
1075 1454 1254 1491 ferendae
1284 1453 1474 1491 uidentur.

87 1521 220 1560 Scribo

249 1575 354 1613 Inter
383 1574 523 1612 diuisas
542 1574 763 1624 ‘aequabilis
793 1581 850 1611 est
879 1575 968 1622 quia
996 1580 1134 1623 partes.

140 1641 244 1679 Nam
277 1642 404 1677 semila
440 1649 529 1688 705,
558 1642 627 1677 iter
658 1641 746 1688 706,
779 1641 843 1677 uia
876 1649 963 1688 707,
994 1641 1095 1676 uiam
1128 1648 1203 1688 709
1234 1651 1282 1677 ne
1312 1638 1476 1677 Manilio

88 1707 245 1757 quidem
265 1706 380 1755 digna
403 1706 561 1744 iteratio.

141 1772 172 1810 Ι.
199 1782 286 1821 711,
309 1780 381 1819 712

251 1836 450 1874 Candidus
478 1836 518 1873 in
547 1835 659 1885 nigro
687 1835 787 1874 lucet
817 1836 869 1874 sic
898 1835 1007 1873 limes
1036 1835 1194 1885 Olimpo

250 1902 478 1940 Caeruleum
508 1902 657 1951 fingens
686 1901 833 1950 ingenti
860 1901 1003 1939 lumine
1032 1901 1235 1939 mundum.

146 1977 220 2016 712
253 1968 403 2017 fingens
442 1968 576 2005 codices
595 1972 748 2016 praeter
775 1967 837 2012 ob,
872 1966 1036 2004 fundens
1073 1980 1092 2004 0
1125 1966 1275 2003 findens
1304 1965 1324 2003 b
1352 1966 1416 2003 sed
1440 1969 1482 2002 ut

88 2034 211 2071 scriba
237 2034 346 2070 aliud
361 2034 476 2082 prius
503 2034 712 2081 scrszlurus
724 2033 866 2083 fuerit,
890 2032 1039 2069 findens
1065 2034 1171 2069 eliam
1198 2036 1378 2068 corrector
1403 2032 1478 2068 cod.

89 2099 308 2148 Lipsiensis,
337 2099 501 2148 pingens
529 2097 727 2144 Bentleius,
758 2098 910 2147 tingens
947 2097 1180 2147 Wakefieldus
1208 2098 1262 2134 ad
1284 2097 1401 2135 Lucr.
1431 2097 1478 2135 vi.

94 2173 182 2212 710.

146 2229 302 2279 Optime
324 2228 489 2279 Scaliger
506 2230 657 2279 findens
676 2228 905 2278 adprobauit
925 2241 971 2266 ex
992 2228 1099 2265 Arati
1119 2240 1231 2266 uersu
1254 2237 1329 2275 474
1352 2227 1383 2264 εἴ
1398 2228 1482 2264 ποτέ

89 2311 142 2331 τοι
161 2296 311 2341 τῆμόσδε
338 2297 416 2342 περὶ
441 2296 566 2342 φρένας
594 2294 684 2330 ἵκετο
710 2296 819 2340 θαῦμα
848 2294 1053 2344 Σκεψαμένῳ
1072 2296 1177 2339 πάντῃ
1208 2292 1481 2338 κεκεασμένον

91 2360 182 2408 εὗρέῒ
199 2360 308 2409 κύκλῳ
328 2363 486 2409 Οὐρανόν,
502 2361 522 2407 ἢ
542 2362 596 2396 καί
613 2359 662 2397 τίς
680 2376 732 2396 τοι
753 2361 893 2397 ἐπιστὰς
909 2362 1014 2397 ἄλλος
1032 2361 1157 2405 ἔδειξεν
1172 2362 1268 2394 Κεῖνο
1282 2360 1481 2405 περιγληνές

91 2427 270 2473 τροχαλόν,
283 2427 375 2461 Γάλα
393 2442 450 2472 μιν
468 2426 648 2462 καλέουσιν
663 2424 734 2474 ‘If
742 2426 827 2462 thou
846 2426 933 2462 has!
948 2438 1029 2462 ever
1041 2425 1241 2462 marvelled
1257 2428 1298 2460 al
1314 2423 1348 2459 Α
1368 2423 1486 2460 broad

94 2501 179 2528 zone
203 2491 283 2527 that
310 2491 444 2528 cleaves
469 2492 525 2528 the
551 2491 626 2539 sky,
659 2490 715 2527 Or
739 2492 850 2527 wiser
874 2491 979 2528 hand
1002 2491 1072 2527 llas
1092 2490 1244 2539 pointed
1265 2493 1328 2526 out
1349 2493 1383 2525 lo
1408 2489 1483 2526 llzee

101 2555 175 2592 The
195 2557 484 2605 many-gemmed
499 2557 567 2594 bell
584 2557 633 2606 (gf
642 2556 698 2593 the
723 2554 903 2604 Galaxyj
924 2564 965 2593 ut
991 2556 1119 2594 locum
1144 2555 1253 2592 uertit
1279 2554 1483 2592 Eduardus
