1786 2878
232 142 246 169 1
259 129 313 178 84
640 136 836 168 NOCTES
863 136 1081 168 MANJLJA
1087 137 1194 168 ΛἈΕ

228 242 389 280 fulmine
419 241 550 280 dextra
587 241 698 279 Voss-st*
760 252 836 291 345
868 241 985 288 Quod
1025 241 1135 279 Voss.¹
1168 241 1274 289 Quid
1306 241 1393 280 Cus.
1423 255 1442 280 o
1461 243 1481 280 b
1510 242 1621 290 Quos

231 308 359 358 potius
380 307 526 357 fingent
547 315 677 357 partus
697 307 887 344 Bentleius
907 306 1014 346 Fort.
1035 314 1132 345 ortu.

286 372 452 422 Regione
472 375 572 422 pori
593 373 760 422 Scaliger
779 373 817 409 in
839 374 982 421 regione
1000 372 1129 422 ll'epai
1144 380 1360 410 correxerat
1386 385 1433 411 ex
1457 373 1624 411 Firmico

231 438 325 476 hace
347 446 507 476 testante
528 440 568 476 in
583 440 710 488 prima
731 437 884 487 Scorpii
895 443 1002 487 parte
1020 440 1144 475 oritur
1163 438 1261 475 Ara.
1319 439 1562 488 Receperunt
1583 438 1621 475 id

231 503 428 541 Bentleius
457 510 493 541 et
522 504 649 551 ceteri,
677 503 748 541 nisi
778 503 883 553 quod
911 511 1020 552 nepae
1049 504 1316 553 praetulerunt.
1384 503 1488 541 Nam
1517 492 1628 554 nepai?

232 569 462 617 disyllabum
494 569 676 618 prosodia
708 569 861 617 respuit,
892 569 1105 618 meritoque
1141 568 1375 618 Scaligerum
1410 568 1622 607 Bechertus

233 634 485 683 reprehendit,
503 634 568 684 qui
589 633 807 671 huiusmodi
827 640 1043 671 monstrum
1058 634 1252 683 imputarit
1270 634 1442 673 Manilio.
1482 634 1622 685 Neque

233 699 306 737 alia
335 700 474 737 desunt
502 712 600 749 quae
629 699 729 737 hanc
759 699 1023 737 coniecturam
1053 700 1265 738 infirment:
1311 701 1488 750 quamuis
1517 701 1621 738 enim

232 765 487 815 praecedente
518 766 663 814 regione
686 763 829 814 syllaba
856 765 980 814 prima
1007 773 1122 815 nepae
1147 766 1324 804 excidere
1344 766 1520 816 potuerit,
1543 776 1623 803 non

233 831 347 868 uideo
363 830 465 868 unde
485 830 628 868 factum
649 829 696 867 sit
715 836 757 867 ut
771 837 845 879 poe
865 831 903 867 in
913 832 992 880 pai
998 833 1099 880 pari
1103 833 1205 881 puri
1215 844 1372 881 pessum
1393 832 1472 869 iret.
1512 830 1625 868 Adde

233 895 339 946 quod
367 896 553 933 Firmicus
579 907 659 933 non
685 895 725 932 in
751 902 888 933 octaua
915 903 1022 946 parte
1051 896 1200 946 Scorpii
1228 897 1315 935 facit
1336 897 1468 942 Aram,
1489 896 1557 934 sed
1586 896 1625 932 in

233 962 357 1012 prima
381 973 545 1011 surgere.
601 960 653 998 Et
677 960 794 1011 quod,
819 961 890 998 nisi
918 973 981 998 uu.
1003 965 1092 1010 338,
1115 975 1203 1011 339,
1228 963 1343 1012 spurii
1367 969 1466 1008 sunt,
1486 969 1527 999 ut
1552 961 1625 999 uisi

235 1035 324 1064 sunt
345 1026 531 1073 Bendeio,
557 1027 709 1064 uidetur
730 1025 913 1065 Manilius
940 1028 1021 1078 ipse
1049 1029 1117 1066 sibi
1139 1029 1399 1066 contradicere
1421 1029 1485 1078 qui
1507 1028 1626 1065 Aram

234 1105 270 1130 u.
294 1095 370 1141 338
399 1093 496 1142 parti
521 1092 609 1129 xxvi
631 1092 849 1138 Chelarum,
871 1106 906 1130 u.
930 1105 1006 1141 340
1038 1093 1261 1144 Scorpionis
1291 1095 1385 1144 parti
1406 1094 1466 1130 viii
1497 1093 1625 1142 adsig-

233 1159 332 1195 narit
346 1157 534 1210 (Scaliger
549 1170 586 1207 p.
606 1159 691 1204 186,
713 1158 772 1195 ed.
793 1156 922 1208 1655).
972 1158 1047 1196 Sed
1063 1166 1192 1196 tamen
1213 1172 1302 1197 cum
1323 1160 1361 1196 in
1378 1167 1458 1197 toto
1479 1159 1574 1196 libro
1589 1157 1626 1193 V

234 1225 347 1273 signa
374 1223 520 1261 zodiaci
543 1224 728 1261 continuo
749 1223 882 1261 ordine
903 1236 942 1261 se
963 1225 1166 1274 excipiant,
1187 1225 1264 1262 iam
1291 1232 1419 1262 autem
1440 1225 1531 1262 dicti
1552 1224 1626 1261 sint

235 1290 349 1328 Aries
377 1289 532 1326 Taurus
559 1288 714 1326 Gemini
743 1288 892 1326 Cancer
921 1288 1003 1328 Leo
1029 1289 1151 1339 Virgo
1181 1290 1308 1336 Libra,
1337 1302 1430 1328 mox
1460 1302 1482 1327 a
1511 1301 1626 1327 uersu

234 1367 357 1405 usque
389 1356 465 1403 358
498 1361 706 1403 sequantur
737 1353 957 1404 Sagittarius
983 1354 1245 1404 Capricornus
1275 1355 1467 1405 Aquarius
1497 1355 1628 1392 Pisces

236 1433 317 1458 non
338 1419 695 1470 praetermittendus
715 1427 796 1457 erat
817 1432 886 1458 suo
905 1420 994 1458 loco
1014 1420 1203 1470 Scorpius.
1252 1421 1368 1470 Atqui
1391 1434 1467 1469 339
1489 1420 1627 1458 Librae

236 1488 317 1524 siue
348 1485 555 1523 Chelarum
591 1497 679 1535 pars
713 1485 836 1522 xxvita
866 1494 1113 1532 memoratur,
1145 1499 1222 1535 340
1253 1487 1366 1536 igitur
1391 1491 1521 1535 parles
1555 1490 1629 1523 oclo

236 1553 389 1589 trahens
432 1551 679 1600 ecquodnam
722 1551 824 1589 aliud
864 1552 1015 1601 signum
1055 1552 1124 1589 erit
1162 1565 1280 1602 quam
1327 1551 1509 1601 Scorpius
1548 1552 1628 1589 siue

237 1617 377 1666 Nepa?
422 1616 500 1663 Qui
521 1617 594 1654 nisi
613 1616 688 1654 hoc
708 1628 823 1655 uersu
846 1629 922 1665 340
943 1618 1163 1655 nominatus
1183 1625 1248 1664 est,
1266 1630 1458 1668 nusquam
1478 1617 1628 1654 titulum

238 1695 351 1720 suum
378 1682 495 1719 habet
521 1682 616 1719 inter
642 1688 769 1720 cetera
796 1683 907 1733 signa
934 1683 1106 1721 zodiaci:
1145 1695 1235 1720 nam
1258 1696 1333 1731 349
1361 1683 1543 1729 Qualluor
1561 1689 1628 1732 ap-

229 1750 364 1799 positis
389 1747 599 1786 Centaurus
619 1748 796 1797 partibus
819 1749 922 1798 effert
943 1747 1090 1794 Sidera,
1113 1748 1345 1798 significatur
1365 1748 1521 1798 quidem
1541 1758 1629 1797 pars

237 1815 342 1852 xiima
364 1813 511 1862 Scorpii
533 1812 795 1864 (8÷4=12),
816 1825 962 1851 nomen
981 1826 1073 1851 uero
1095 1826 1175 1852 non
1195 1814 1368 1851 additum
1388 1819 1455 1851 est.

293 1878 413 1926 Quod
430 1869 598 1915 'codices
632 1878 868 1916 tradiderunt
901 1878 1008 1925 Quod
1032 1880 1186 1929 regione,
1215 1891 1315 1916 unus
1349 1878 1451 1925 Quid
1475 1879 1628 1926 regione,

237 1945 410 1995 plerique
444 1943 713 1992 interrogatiue
746 1943 821 1981 hoc
856 1945 1024 1993 positum
1059 1952 1096 1982 et
1128 1957 1194 1994 per
1227 1944 1387 1981 alterum
1421 1943 1525 1990 Quid
1552 1952 1627 1991 345

237 2015 478 2058 resumptum
510 2014 655 2058 putant.
726 2008 801 2046 His
831 2009 992 2046 libenter
1020 2009 1240 2055 adsentirer,
1272 2009 1344 2046 nisi
1379 2009 1629 2057 intelligerem

243 2075 349 2122 Quid
364 2075 404 2111 in
429 2086 508 2111 uno
528 2072 658 2111 Voss.2
677 2081 817 2120 extare,
838 2075 1037 2112 obscurius
1063 2075 1137 2112 dici
1165 2076 1308 2123 regione
1331 2086 1402 2123 pro
1423 2075 1462 2111 in
1489 2074 1631 2123 regione

239 2141 300 2178 uel
322 2154 338 2176 e
361 2141 515 2188 regione.
574 2139 707 2188 Itaque
733 2139 806 2177 huc
834 2139 979 2177 inclino
1006 2146 1046 2176 ut
1073 2140 1227 2178 credam
1254 2141 1293 2177 in
1318 2139 1425 2186 Quod
1447 2138 1630 2177 occultari

239 2205 336 2252 Con,
357 2205 454 2243 sicut
482 2205 520 2241 in
546 2206 643 2253 quod
664 2204 830 2242 euntibus
857 2205 1135 2242 dissimulatum
1161 2206 1365 2242 coeunn'bus
1389 2205 1554 2242 uidimus
1580 2203 1629 2240 II.

244 2273 333 2319 380.
408 2269 549 2307 Paulus
580 2270 681 2307 Festi
710 2283 745 2320 p.
775 2273 823 2307 66
857 2270 912 2307 M.
941 2273 1151 2320 conregione
1181 2300 1189 2308 .
1218 2285 1235 2308 e
1267 2272 1419 2320 regione.
1477 2271 1631 2317 Quibus

242 2336 379 2373 additis
412 2335 537 2372 uerbis
570 2335 687 2372 credo
716 2334 918 2372 Manilium
945 2336 1179 2385 significasse
1211 2336 1376 2386 spatium
1407 2336 1501 2374 caeli
1533 2335 1631 2372 ultra

240 2401 347 2450 quod
371 2401 449 2437 Ara
475 2412 553 2437 non
583 2401 657 2437 iam
683 2401 988 2450 conspiceretur:
1019 2402 1127 2451 quasi
1154 2402 1295 2439 diceret
1314 2401 1410 2439 fines
1431 2401 1512 2439 eius
1532 2401 1630 2438 intra

242 2466 398 2504 xxvitam
419 2474 564 2515 partem
588 2465 722 2503 Librae
743 2473 778 2503 et
800 2466 933 2502 viii1¹³m
957 2466 1177 2516 Scorpionis
1197 2466 1350 2504 includi.

297 2532 416 2578 Quod
436 2531 680 2570 scribendum
701 2539 796 2583 puto
818 2532 855 2570 in
879 2545 925 2582 34
934 2544 953 2581 5
977 2532 1078 2579 Quid
1090 2534 1216 2583 polius
1232 2532 1384 2583 fingcul
1399 2536 1494 2578 orlu,
1515 2531 1630 2570 credo
