1786 2878
797 170 842 202 Il
1465 165 1517 218 69

132 286 333 335 refulgenti
378 286 467 325 Cus.
501 286 668 337 Regz‘om.
706 286 827 336 Neap.
884 286 1013 337 Atque
1059 287 1219 338 fulgenti
1259 302 1278 326 o
1333 288 1385 326 At
1418 301 1518 338 quae

131 351 288 401 fulgenti
318 351 491 401 Scaliger
545 352 595 389 At
625 364 722 402 quae
750 351 930 401 fulgentis
958 352 1158 391 Bentleius.
1217 356 1291 391 882
1324 366 1394 391 nec
1427 354 1516 392 Cus.

141 416 253 454 Voss.¹
318 430 399 455 non
428 416 540 455 Voss.²
600 430 646 455 ne
671 430 690 455 ο
750 418 814 454 uix
833 417 1021 456 Bentlez'us
1069 419 1129 457 cui
1158 419 1325 468 iungitur
1355 419 1516 457 Huelz'us

129 487 165 519 et
189 482 387 520 Bentlez'us.

183 547 343 585 Videtur
380 547 593 586 describere
632 547 829 597 regionem
868 560 916 585 xr.
975 548 1014 586 Si
1049 548 1285 599 Scaligerum
1317 550 1514 600 sequimur

131 613 361 650 scribentem

291 679 343 715 At
371 690 470 727 quae
499 677 657 727 fulgenti
686 678 856 728 sequitur
886 677 1036 727 fastigia
1065 678 1173 717 caelo

291 742 475 780 Proxima

128 809 248 846 uerba
275 809 327 846 sic
357 809 595 858 interpretor,
619 812 661 845 at
676 821 767 856 quae
784 810 970 857 proxima
995 816 1051 846 est
1076 809 1171 846 caelo
1200 809 1411 860 ubifulget
1431 810 1516 847 luce

128 874 340 923 purissima,
363 873 468 923 (hinc
496 874 599 911 enim
612 872 800 924 fulgente)
827 876 1059 923 sequiturque
1081 875 1160 911 siue
1190 875 1331 924 aspirat
1359 875 1407 912 ad
1437 876 1516 912 eius

110 939 298 988 faslzgz'a.
354 938 458 976 Nam
477 940 573 975 caelo
601 939 665 975 uix
687 939 811 976 ausim
838 940 877 976 in
901 941 992 976 caeli
1016 945 1161 976 mutare
1185 947 1320 977 contra
1340 940 1491 978 codices
1505 953 1515 986 3

127 1003 319 1053 habetque
347 1003 646 1054 explicationem
675 1016 782 1041 suam
812 1006 1011 1053 genetiuus
1033 1005 1250 1053 refulgentis
1269 1017 1317 1042 ex
1338 1006 1516 1055 proximo

126 1071 300 1118 sequitur,
323 1070 430 1108 cuius
449 1084 467 1108 s
486 1069 594 1107 facile
616 1082 704 1107 cum
724 1070 928 1120 reficlgenlc'
945 1069 1147 1108 cohaerere
1169 1071 1345 1119 potuerit.

181 1134 321 1174 Cetera
350 1136 403 1173 sic
432 1136 651 1185 scripserim

611 1213 692 1238 non
720 1201 791 1250 ipsi
821 1201 930 1239 cedat
959 1201 1020 1238 cui
1050 1201 1208 1250 fingitur
1237 1208 1339 1239 astro

125 1272 268 1302 astrum
305 1266 367 1304 cui
405 1266 557 1316 fingitur
596 1267 676 1305 siue
715 1266 920 1315 adfingitur
956 1274 1014 1304 est
1048 1266 1175 1304 Iouis:
1221 1266 1328 1304 cuius
1368 1266 1514 1316 ingenti

125 1331 318 1380 potentiae
348 1344 396 1369 ne
425 1332 498 1381 ipsi
527 1331 683 1381 quidem
714 1343 865 1369 cessura
894 1338 962 1368 est.

183 1393 362 1447 [Semper
384 1403 514 1434 tamen
535 1396 694 1434 dubium
722 1409 784 1434 me
814 1396 945 1434 habuit
973 1396 1065 1434 illud
1091 1397 1322 1447 refulgentis,
1344 1409 1415 1446 pro
1435 1408 1513 1446 quo

125 1462 319 1511 rqfulonlzlv
356 1470 414 1499 est
450 1462 490 1498 in
524 1461 654 1499 Voss?
690 1462 751 1500 cui
784 1462 850 1499 uni
888 1471 978 1500 ante
1016 1474 1152 1500 omnes
1190 1463 1306 1499 fidem
1345 1462 1513 1499 Iacobus

125 1526 269 1573 habuit,
289 1533 327 1564 et
349 1533 499 1565 constat
526 1527 565 1564 in
594 1539 672 1564 uno
701 1539 748 1565 eo
777 1528 895 1565 multa
921 1529 1148 1565 remansisse
1174 1540 1273 1577 quae
1300 1540 1347 1565 ex
1376 1527 1511 1564 ceteris

124 1592 268 1629 abolita
288 1593 372 1630 sint.
419 1592 479 1629 Ex
496 1592 570 1630 hoc
591 1594 768 1643 reflantis,
785 1600 820 1630 et
841 1605 933 1630 mox
953 1595 1106 1642 uestigia
1126 1593 1246 1639 elicio,
1267 1605 1318 1630 sc.
1333 1591 1512 1642 Typhoei

125 1657 350 1695 anhelantis.
406 1657 556 1695 Dixerit
572 1657 729 1706 aliquis:
767 1664 804 1695 at
818 1657 1022 1707 Typhonis
1036 1658 1146 1695 sedes
1166 1658 1271 1707 regio
1285 1665 1340 1695 est
1360 1670 1400 1703 11,
1414 1669 1512 1706 quae

124 1735 147 1760 a
170 1734 322 1761 summo
351 1723 458 1761 caelo
478 1724 640 1761 discreta
660 1731 717 1761 est
736 1736 749 1761 1
770 1724 927 1773 regione
958 1723 1191 1772 Horoscopi,
1215 1724 1302 1760 dein
1322 1735 1376 1760 ΧΠ
1401 1729 1512 1771 porta

124 1787 296 1834 Laboris,
329 1802 368 1826 xr
400 1789 506 1827 Iouis
541 1789 746 1827 domicilio.
804 1789 940 1839 Itaque
974 1789 1040 1825 uix
1074 1789 1198 1838 potuit
1228 1789 1302 1826 dici
1336 1789 1442 1837 regio
1471 1800 1511 1826 x1

124 1865 223 1903 quae
269 1854 355 1891 Ioui
402 1854 606 1904 adfingitur
649 1854 854 1904 Typhonis
903 1854 1011 1904 sequi
1062 1854 1226 1902 uestigia
1274 1853 1344 1904 (sic
1391 1853 1506 1898 enirn,

123 1931 203 1956 non
216 1921 389 1969 fastigia
428 1920 666 1969 scripserim;
705 1919 791 1957 uide
826 1932 887 1956 me
921 1920 970 1957 ad
1002 1920 1086 1957 Ibin
1125 1919 1220 1970 365)
1243 1931 1331 1956 cum
1362 1925 1419 1956 tot
1453 1919 1509 1955 in-

124 1984 288 2022 teruallis
326 1986 496 2023 seiuncta
535 1985 592 2023 sit.
647 1984 794 2022 Verum
832 1985 906 2023 hoc
946 1985 1015 2022 sit:
1057 1985 1125 2023 sed
1157 1993 1287 2022 tamen
1326 1983 1508 2021 Manilius

124 2057 269 2087 certum
288 2050 460 2088 ordinem
482 2051 683 2099 regionum
710 2063 790 2088 non
818 2057 875 2088 est
900 2058 1062 2096 secutus,
1084 2063 1172 2087 cum
1202 2056 1290 2099 post
1310 2049 1508 2098 oppositas

122 2116 297 2165 regiones
316 2116 457 2154 laboris
480 2117 643 2273 {xn}‚
666 2115 869 2166 Typhonis
898 2115 995 2153 duae
1007 2115 1036 2270 {
1065 2128 1105 2161 11,
1135 2120 1264 2273 }post
1286 2115 1356 2152 has
1380 2122 1507 2152 autem

533 2177 571 2208 et
1066 2176 1102 2206 et

534 2237 572 2261 v1
1050 2236 1118 2261 v111

124 2301 163 2326 XI
185 2296 223 2326 et
243 2302 276 2335 v,
298 2296 378 2327 tum
408 2302 446 2327 1x
471 2297 508 2327 et
536 2302 590 2335 111,
613 2303 635 2328 x
660 2295 697 2327 et
723 2302 772 2335 lv,
794 2302 807 2326 1
839 2295 875 2327 et
904 2301 956 2326 vn
986 2295 1246 2327 numerentur.
1304 2287 1506 2337 Potuitque

123 2355 242 2392 uerba

283 2420 334 2457 At
363 2433 460 2470 quae
489 2420 658 2458 reflantis
687 2420 856 2470 sequitur
883 2419 1045 2468 uestigia
1065 2419 1174 2458 caelo

284 2485 466 2523 Proxima

125 2549 173 2588 ad
208 2550 384 2589 iniectam
423 2552 659 2590 mentionem
695 2550 896 2601 Typhonis
931 2550 1038 2601 (874,
1071 2549 1166 2598 879)
1201 2549 1507 2593 accommodare,
