1786 2878
780 120 846 151 HJ
1422 121 1500 163 103

116 225 154 262 in
163 224 244 275 fine
262 224 357 262 senis
376 223 578 274 apparebat
594 224 744 270 occidui,
760 224 844 261 licet
858 224 926 262 xz‘z‘
935 224 1122 261 nonnullis
1125 223 1283 274 firmas
1301 228 1504 260 conuertere

115 291 332 336 crederetur,
363 289 434 327 hos
467 289 575 328 locos
606 289 747 327 citauit.
816 288 999 339 Porphyr.
1032 289 1134 338 apud
1172 288 1328 326 Eusebii
1366 288 1500 338 Praep.

114 355 299 405 Euangel.
313 367 346 392 V.
365 367 423 392 10.
444 367 480 405 p.
501 356 574 404 198
596 356 692 392 αὐταὶ
712 356 747 391 δὲ
763 357 796 390 αἱ
815 356 911 401 εὐχαὶ
929 356 1002 391 τίνα
1021 356 1142 402 ἔχουσι
1160 357 1265 402 λόγον
1278 356 1337 390 τὸν
1351 355 1390 401 ἐξ
1410 354 1504 391 ἰλύος·

113 421 324 468 ἀναφανέντα
342 422 506 468 λέγουσαι
525 421 578 456 καὶ
597 421 652 457 ἐπὶ
666 423 713 469 τῷ
730 423 828 469 λωτῷ
844 414 1026 466 καθήμενοι)
1046 421 1098 456 καὶ
1119 421 1173 456 ἐπὶ
1188 423 1310 456 πλοῖον
1325 422 1502 455 ναυτιλλό-

113 502 213 533 μενον
231 488 285 522 καὶ
304 487 377 522 καθ’
398 488 488 532 ὥραν
505 487 564 524 τὰς
583 487 719 534 μορφὰς
738 486 921 532 ἆμείβοντα
940 487 992 521 καὶ
1012 487 1094 521 κατὰ
1116 486 1233 535 ζῴδιον
1251 501 1502 531 μετασχηματι-

114 554 249 597 ζόμενον
258 563 268 598 ;
300 550 498 588 Iamblich.
514 550 560 588 de
577 549 735 600 Mystes.
751 550 809 588 vii.
825 563 846 598 3
862 551 1132 597 σχηματίζεσθαι
1146 551 1207 597 μὲν
1221 551 1303 586 κατὰ
1320 550 1436 599 ζῴδιον
1450 552 1504 586 καὶ

112 619 172 654 τὰς
189 617 327 664 μορφὰς
345 617 496 662 ἀμείβειν
514 614 586 652 καθ’
607 617 696 663 ὥραν
714 619 785 653 τοῖς
803 616 932 664 ῥήμασι
952 617 1191 663 διασημαίνων,
1212 622 1250 653 et
1270 627 1400 653 rursus
1419 616 1504 651 κατὰ

114 682 233 732 ζῴδιον
252 683 305 718 καὶ
324 681 396 717 καθ’
416 682 506 728 ὥραν
523 683 814 727 μεταβάλλεσθαι.

166 747 285 796 Ergo,
317 746 348 784 si
376 746 537 796 singulis
564 745 669 784 horis
698 752 867 784 mutatur
896 746 987 784 solis
1016 746 1173 796 species,
1196 757 1264 795 per
1294 744 1502 784 Zodiacum

113 819 244 850 autem
277 812 318 848 fit
351 811 534 849 decursus
563 810 654 849 solis
683 817 719 849 et
748 810 938 858 horarum,
968 818 1070 849 reete
1102 810 1289 861 Signifero
1319 811 1398 849 siue
1429 811 1503 848 Zo-

113 877 225 915 diaco
258 876 442 915 Manilius
470 876 586 915 horas
614 883 651 915 et
680 888 814 915 earum
848 877 1154 916 numerationem
1187 877 1226 914 in
1256 876 1503 927 genethliaeis

113 942 371 981 demandauit.

167 1008 239 1046 III.
262 1009 446 1057 528—536
468 1007 521 1047 sic
541 1014 673 1046 extant
691 1008 732 1045 in
752 1006 908 1046 Gembl.

274 1072 409 1123 Vsque
438 1073 537 1111 adeo
566 1073 756 1123 permixta
784 1073 867 1111 fluit
895 1085 968 1111 nec
996 1078 1196 1124 permanet
1225 1084 1389 1123 usquam

273 1138 488 1188 Amisitque
518 1138 634 1177 fidem
663 1138 849 1176 uariando
878 1145 1016 1176 cuncta
1045 1150 1114 1188 per
1142 1138 1268 1175 omnis

167 1213 246 1252 530
274 1202 368 1241 Non
396 1203 506 1241 annis
535 1204 625 1241 anni
653 1216 725 1241 nec
755 1215 908 1241 menses
937 1204 1133 1241 mensibus
1162 1215 1285 1253 usque

273 1268 522 1306 Conueniunt
551 1281 669 1318 seque
698 1269 779 1319 ipsa
808 1268 888 1306 dies
917 1268 1112 1318 aliumque
1140 1268 1296 1318 requirit

274 1333 461 1383 Horaque
490 1346 571 1372 non
599 1334 664 1371 ulli
692 1333 823 1372 similis
853 1334 1077 1383 producitur
1105 1333 1224 1371 horae

273 1398 473 1448 Tempora
502 1399 608 1449 quod
639 1399 773 1437 sistant
801 1399 966 1449 propriis
994 1399 1168 1448 parentia
1197 1397 1314 1448 signis

273 1463 346 1501 Per
374 1475 556 1502 numeros
585 1464 711 1502 omnis
740 1465 826 1502 aeui
855 1464 975 1502 diuisa
1004 1464 1169 1501 uolantis

167 1538 243 1578 535
273 1528 468 1579 Talesque
496 1529 664 1567 efficiunt
692 1541 845 1567 menses
880 1541 1066 1579 casusque
1093 1529 1286 1566 minantur

273 1593 412 1641 Qualia
441 1600 528 1632 sunt
557 1607 721 1645 quorum
750 1595 898 1632 uicibus
927 1601 1007 1632 tum
1037 1594 1218 1632 uertimur
1246 1600 1357 1631 astra.

167 1661 242 1708 528
273 1672 435 1709 usquam
465 1660 520 1697 bo
548 1672 669 1710 usque
703 1660 883 1705 Vossz'anz',
911 1659 1077 1696 Iacobus.
1147 1669 1225 1708 530
1255 1659 1347 1697 Non
1377 1671 1502 1697 annus

110 1725 222 1762 annis
241 1737 312 1763 nec
342 1723 455 1763 Voss.1
475 1725 563 1763 Cus.
583 1738 748 1775 usquam
769 1738 797 1763 0.
858 1734 930 1773 531
956 1725 1039 1775 ipsa
1069 1723 1180 1763 Voss.2
1200 1725 1281 1774 ipse
1311 1723 1422 1762 Voss}
1442 1725 1463 1762 b
1483 1738 1502 1762 0

109 1791 273 1839 requiret
302 1789 413 1828 Voss.2
432 1794 465 1828 et
486 1791 592 1839 szas.
613 1798 678 1840 pr.
706 1803 752 1827 m.
778 1790 840 1842 (-it
867 1803 891 1827 a
920 1789 1085 1839 correct.)
1114 1790 1288 1840 relinquit
1318 1788 1427 1827 Voss.¹
1447 1790 1467 1827 b
1483 1803 1502 1826 0

110 1856 260 1906 reliquit
293 1855 382 1894 Cus.
459 1866 534 1904 532
571 1868 652 1894 non
685 1856 736 1894 uli
768 1869 787 1893 ο
821 1855 996 1893 nonnulli
1032 1856 1208 1893 Vossz'anz'.
1284 1865 1359 1903 533
1396 1856 1501 1905 quod

110 1922 243 1959 sistant
278 1921 450 1959 Vossz‘anz'
477 1921 567 1961 Cus.
595 1922 808 1960 consistunt
827 1921 879 1958 bo
900 1922 1004 1971 quod
1032 1922 1175 1959 distant
1200 1920 1365 1958 Iacobus.
1424 1932 1499 1969 534

110 1987 284 2024 uolantes
313 1985 424 2023 Voss.¹
448 1985 535 2025 Cus.
593 1997 668 2036 535
691 1994 839 2025 mentes
859 1986 1016 2023 Iacobus
1041 1998 1178 2024 census
1197 1986 1391 2024 Brez'terus
1420 1987 1501 2024 ani-

110 2058 263 2089 mantur
293 2050 403 2089 Voss.2
422 2052 605 2090 mirantur
635 2051 746 2090 Voss.1
804 2053 880 2100 536
908 2058 988 2089 tum
1020 2052 1133 2090 Voss.2
1154 2051 1247 2089 dum
1277 2050 1386 2089 Voss.¹
1411 2051 1500 2089 Cas.

165 2117 355 2155 Notabilis
383 2117 490 2156 locus
519 2119 571 2156 ob
600 2118 791 2167 insignem
821 2117 1092 2167 praestantiam
1114 2116 1414 2162 Gemfflacensis,
1435 2117 1501 2166 qui

110 2183 242 2220 omnia
267 2189 366 2221 recte
389 2184 555 2222 seruauit
581 2195 678 2232 quae
705 2190 840 2232 postea
867 2182 996 2220 uitiata
1022 2189 1109 2220 sunt
1137 2183 1177 2219 in
1206 2182 1350 2220 ceteris.
1410 2181 1500 2219 Sola

110 2249 192 2297 ipsa
227 2258 300 2297 531
336 2251 472 2287 sistant
505 2258 580 2297 533
618 2261 752 2285 menses
787 2259 864 2297 534
898 2260 946 2286 ne
976 2247 1130 2286 Gembl.
1162 2248 1319 2297 quidem
1353 2248 1500 2296 integra

110 2312 236 2351 habet.
270 2313 397 2352 .Nam
421 2316 495 2364 szse
514 2326 627 2352 uersu
647 2314 732 2363 ipso
753 2314 1013 2362 conprobatur
1027 2326 1036 2360 3
1066 2314 1216 2359 distant,
1241 2317 1369 2349 mentes
1398 2318 1498 2349 recte

110 2379 261 2416 uidetur
275 2379 441 2418 Iacobus
454 2380 699 2418 coniectasse.
749 2378 825 2417 Sed
835 2384 1031 2428 permanet
1048 2392 1201 2428 usquam
1218 2390 1296 2415 non
1308 2382 1502 2426 permanet

111 2457 222 2492 usque
255 2447 330 2493 528
365 2458 412 2483 ex
446 2444 598 2483 Gembl.
628 2443 868 2482 retinendum
902 2456 1053 2490 censeo,
1083 2456 1170 2481 cum
1204 2456 1315 2492 usque
1346 2450 1499 2492 praeeat

112 2509 151 2545 in
172 2521 303 2548 uersus
323 2510 521 2560 principio,
537 2523 598 2548 nec
608 2514 804 2559 permanet
816 2522 971 2558 usquam
988 2509 1124 2548 similia
1144 2509 1200 2547 sui
1221 2508 1357 2546 habeat
1374 2508 1403 2545 I.
1423 2520 1495 2545 212
