1786 2878
793 148 852 179 JV
1429 149 1506 189 129

118 261 249 305 repeat
269 254 362 293 such
382 267 404 292 a
425 254 586 292 number
613 253 657 291 of
679 259 795 303 parts,
816 260 883 302 put
911 252 949 289 in
970 251 1093 289 words
1124 263 1167 289 so
1196 262 1313 299 many
1334 261 1438 287 sums
1469 251 1512 287 os

119 321 340 365 arithmetic‚
371 333 461 369 vary
481 320 544 357 the
566 319 658 368 style
685 318 728 355 os
753 318 810 355 his
837 318 1028 366 language
1057 316 1156 354 from
1186 328 1260 353 one
1291 314 1364 352 like
1394 327 1509 352 cause

119 393 160 423 to
197 385 382 423 another?
441 385 617 434 Suppose
655 396 700 421 us
739 390 778 420 to
812 383 906 420 have
941 382 1085 431 lighted
1120 394 1172 419 on
1206 381 1331 418 words
1364 387 1404 417 to
1438 392 1510 417 our

118 463 297 500 purpose,
317 463 372 488 we
393 463 457 488 are
479 449 661 487 ashamed
681 448 726 486 of
741 448 837 486 their
856 447 1078 485 weakness:
1111 450 1132 466 “
1147 446 1241 484 after
1257 444 1341 492 all,'’
1357 458 1412 482 we
1430 457 1508 494 say,

121 516 260 554 “there
281 516 355 553 will
375 516 420 553 be
441 515 603 564 nothing
623 521 662 552 to
682 514 831 564 please:
863 526 934 552 our
961 513 1095 562 toiling
1116 512 1146 550 is
1173 512 1221 550 all
1248 512 1287 548 in
1307 511 1405 557 vain,
1427 511 1452 548 it
1479 511 1510 548 is

118 581 285 631 rejected
304 582 352 631 by
374 581 436 619 the
456 579 552 618 ear.’'
568 580 577 595 '

174 658 243 696 IV.
265 671 354 706 443,
378 671 454 705 444
475 657 528 695 sic
550 662 680 695 extant
701 656 739 693 in
760 655 915 694 Gembl,

280 723 459 772 Lanigeri
490 735 578 772 pars
607 728 742 771 quarta
770 728 885 759 nocet
914 733 987 759 nec
1017 726 1125 758 sexta
1152 719 1313 757 salubris

282 788 452 838 Septima
480 800 567 838 pars
597 787 648 825 illi
677 800 722 825 ac
752 787 916 824 decuma
945 786 1207 835 decumaeque
1236 785 1330 822 sida.

173 877 251 912 444
291 877 360 915 par
391 865 581 915 Wz'llzofius
609 868 642 901 et
665 863 853 900 Bentlez'us
917 870 974 900 est
999 867 1088 912 post
1115 862 1278 900 decuma
1312 874 1379 899 om.
1409 861 1509 898 codd.

118 930 288 968 secunda
313 931 480 979 plerz‘qzee
506 929 632 981 (seda)
691 928 861 978 Septima
888 941 957 978 par
988 928 1036 965 illi
1066 941 1111 966 ac
1141 927 1292 965 decima
1321 933 1378 964 est
1408 927 1509 963 deci-

119 1007 283 1045 maeque
311 995 480 1033 secunda
508 995 696 1032 Bcnllcz'us
727 994 763 1032 S.
794 1007 863 1044 par
893 994 943 1031 illi
972 1006 1018 1031 ac
1045 993 1195 1030 decima
1227 1006 1248 1030 a
1284 993 1511 1042 decimaque

118 1060 288 1099 secunda
307 1060 482 1110 Herz'nga
507 1060 697 1097 Obscrzmt.
709 1067 749 1110 p.
774 1069 821 1108 73
844 1063 877 1096 el
893 1060 946 1096 sic
970 1059 1129 1096 malebat
1148 1058 1348 1096 Stocberus.

172 1126 298 1176 Aegre
326 1126 421 1163 inter
445 1125 661 1163 Bentleium
692 1133 728 1163 et
752 1125 969 1174 Heringam
999 1124 1237 1162 diiudicatur.
1296 1123 1433 1160 Rarius
1462 1127 1515 1159 est

119 1192 317 1239 intercidit,
339 1199 473 1231 contra
492 1192 667 1230 facillime
688 1199 774 1242 post
794 1192 944 1229 decuma
964 1190 1099 1228 cadem
1121 1190 1267 1228 uocalis
1295 1202 1317 1226 (z
1346 1190 1511 1239 peritura

118 1263 209 1293 erat.
267 1255 343 1294 Sed
363 1256 522 1294 fortasse
542 1256 745 1306 scripserat
764 1262 879 1305 poeta
899 1268 943 1292 ac
962 1255 1157 1292 decumast.

173 1332 242 1372 IV.
265 1343 450 1382 451-453
473 1334 526 1371 sic
547 1341 679 1372 extant
699 1333 737 1370 in
758 1331 911 1370 Gembl.

282 1399 425 1448 Bisque
454 1399 609 1436 undena
638 1411 785 1437 nocens
815 1405 851 1436 et
880 1397 938 1435 bis
967 1396 1144 1435 duodena
1174 1402 1357 1434 nocentes

281 1464 470 1514 Quaeque
499 1464 633 1502 decern
663 1465 806 1514 trisque
833 1463 1045 1512 ingeminat
1075 1462 1248 1500 fraudata
1278 1462 1430 1499 duobus

280 1528 459 1579 Triginta
488 1541 668 1567 numeros
697 1542 741 1567 ec
771 1533 811 1566 tfi
840 1528 1031 1567 tricesima
1061 1540 1213 1566 summa
1243 1535 1310 1564 est.

176 1616 250 1654 452
274 1606 480 1657 Quemque
504 1606 592 1644 Cus.
623 1606 736 1644 Voss.2
757 1605 889 1644 frauda
918 1603 1031 1643 Voss.2
1050 1604 1222 1642 fraudata
1246 1604 1333 1641 Cus.
1360 1601 1469 1641 Voss]
1492 1617 1512 1640 0

119 1671 342 1722 fraudatque
362 1670 545 1721 Scaliger.
604 1684 680 1720 453
702 1678 738 1709 et
761 1678 801 1709 tu
833 1669 942 1709 Voss.¹
971 1684 990 1708 0
1010 1676 1046 1708 et
1066 1683 1135 1707 om.
1157 1677 1198 1707 tu
1228 1670 1341 1708 Ihm?
1361 1681 1511 1706 summa

118 1745 175 1776 est
195 1738 294 1775 codd.
317 1750 468 1774 summa
487 1750 528 1775 es
549 1736 715 1783 Iacobus,
739 1741 773 1774 el
789 1737 841 1773 sic
861 1737 913 1774 ed.
934 1736 1045 1773 Rom.
1072 1747 1185 1783 1510.

175 1802 369 1841 Tollenda
397 1810 454 1841 est
484 1802 676 1840 distinctio
705 1809 793 1852 post
822 1806 993 1847 nocentes,
1025 1813 1103 1850 quo
1132 1801 1254 1838 uerbo
1284 1799 1512 1849 copulantur

118 1869 172 1906 bis
201 1869 362 1906 duodena
393 1866 477 1919 (24)
509 1881 666 1917 quaeque
693 1880 783 1917 pars
810 1868 924 1905 decem
953 1868 1092 1915 trisque
1117 1868 1324 1916 ingeminat
1350 1865 1448 1917 (26),
1474 1872 1513 1903 et

119 1946 218 1985 quae
228 1935 404 1984 fraudat
422 1934 558 1971 duobus
583 1934 759 1982 Jbrzgmta
779 1945 946 1970 numeros
967 1931 1064 1983 (28).
1124 1931 1199 1968 His
1220 1931 1386 1969 Iacobus
1407 1931 1512 1968 addit

117 2000 349 2037 tricesimam
389 1998 475 2050 (30)
513 1999 718 2037 scribendo
757 2004 789 2036 el
819 2002 859 2035 ίιι
895 1998 1080 2035 tricesima
1118 2010 1260 2034 summa
1297 2010 1343 2043 es,
1375 1996 1511 2033 melius

120 2065 278 2102 fortasse
299 2064 483 2112 Bentlcio‚
506 2065 570 2114 qui
596 2069 648 2102 esl
673 2076 826 2114 prorsus
855 2063 993 2100 omisit.
1052 2062 1129 2100 Sed
1161 2074 1384 2111 quanquam
1413 2066 1446 2098 et
1472 2066 1512 2097 lec

120 2137 313 2179 praestant
333 2129 463 2168 Voss}
484 2138 521 2168 et
542 2143 572 2176 0,
588 2129 776 2179 potiorem
798 2129 924 2166 habeo
944 2128 1150 2166 lectionem
1167 2127 1458 2165 Gemblacensis
1477 2140 1513 2163 cc

119 2200 170 2241 ίῐι,
190 2196 293 2233 unde
313 2208 466 2233 uersum
488 2196 540 2233 sic
561 2196 712 2244 corrigo
737 2208 798 2231 nec
817 2196 902 2231 dum
923 2195 1106 2231 lrz'cesz'ma
1126 2206 1271 2230 summa
1289 2197 1349 2237 csl,
1371 2192 1406 2228 h.
1420 2206 1452 2229 e.
1474 2202 1511 2229 et

120 2273 218 2309 quae
245 2273 332 2311 pars
359 2261 511 2298 duobus
537 2268 686 2298 tantum
717 2260 886 2298 numeris
916 2260 1022 2297 abest
1045 2272 1068 2296 a
1097 2259 1288 2296 tricesima
1318 2270 1442 2307 neque
1472 2258 1510 2294 in

120 2326 219 2363 hanc
242 2333 371 2363 tamen
391 2333 695 2363 consummatur.
1053 2329 1058 2331 '

176 2402 242 2439 IV-
265 2413 354 2450 454,
379 2413 454 2451 455

284 2479 465 2517 Pestifera
494 2480 530 2516 in
562 2478 724 2528 geminis
754 2490 842 2528 pars
872 2478 996 2527 prima
1025 2484 1060 2515 et
1091 2477 1197 2515 tertia
1226 2477 1343 2525 signis

285 2545 453 2594 Septima
483 2558 562 2582 non
593 2545 736 2581 melior.

807 2623 831 2645 K
