<?xml version="1.0" encoding="UTF-8"?>
<!DOCTYPE html PUBLIC "-//W3C//DTD XHTML 1.0 Transitional//EN"
    "http://www.w3.org/TR/xhtml1/DTD/xhtml1-transitional.dtd">
<html xmlns="http://www.w3.org/1999/xhtml" xml:lang="en" lang="en">
 <head>
  <title>
</title>
<meta http-equiv="Content-Type" content="text/html;charset=utf-8" />
  <meta name='ocr-system' content='tesseract 3.04.00' />
  <meta name='ocr-capabilities' content='ocr_page ocr_carea ocr_par ocr_line ocrx_word'/>
</head>
<body>
  <div class='ocr_page' id='page_1' title='image "./noctesmanilianae00elliuoft_0026.png"; bbox 0 0 1786 2878; ppageno 0'>
   <div class='ocr_carea' id='block_1_1' title="bbox 262 158 1232 196">
    <p class='ocr_par' dir='ltr' id='par_1_1' title="bbox 262 158 1232 196">
     <span class='ocr_line' id='line_1_1' title="bbox 262 158 1232 196; baseline -0.005 0"><span class='ocrx_word' id='word_1_1' title='bbox 262 158 286 196; x_wconf 92' lang='lat'><strong>6</strong></span> <span class='ocrx_word' id='word_1_2' title='bbox 675 159 872 194; x_wconf 80' lang='lat' dir='ltr'><em>NOCTES</em></span> <span class='ocrx_word' id='word_1_3' title='bbox 899 158 1232 192; x_wconf 77' lang='lat' dir='ltr'><strong>MANILJANAE</strong></span> 
     </span>
    </p>
   </div>
   <div class='ocr_carea' id='block_1_2' title="bbox 317 277 1407 396">
    <p class='ocr_par' dir='ltr' id='par_1_2' title="bbox 317 277 1407 396">
     <span class='ocr_line' id='line_1_2' title="bbox 317 277 1014 332; baseline -0.007 -12"><span class='ocrx_word' id='word_1_4' title='bbox 317 282 347 320; x_wconf 92' lang='grc' dir='ltr'><strong>Ι.</strong></span> <span class='ocrx_word' id='word_1_5' title='bbox 370 281 554 332; x_wconf 81' lang='lat'><strong>331—336</strong></span> <span class='ocrx_word' id='word_1_6' title='bbox 576 280 630 318; x_wconf 87' lang='lat' dir='ltr'><strong>sic</strong></span> <span class='ocrx_word' id='word_1_7' title='bbox 649 286 781 317; x_wconf 84' lang='lat' dir='ltr'>extant</span> <span class='ocrx_word' id='word_1_8' title='bbox 797 279 836 316; x_wconf 89' lang='lat' dir='ltr'><strong>in</strong></span> <span class='ocrx_word' id='word_1_9' title='bbox 862 277 1014 317; x_wconf 89' lang='lat' dir='ltr'><strong>Gembl.</strong></span> 
     </span>
     <span class='ocr_line' id='line_1_3' title="bbox 426 341 1407 396; baseline -0.006 -12"><span class='ocrx_word' id='word_1_10' title='bbox 426 347 654 396; x_wconf 84' lang='lat' dir='ltr'><strong>Serpentem</strong></span> <span class='ocrx_word' id='word_1_11' title='bbox 685 345 836 394; x_wconf 83' lang='lat' dir='ltr'><strong>magnis</strong></span> <span class='ocrx_word' id='word_1_12' title='bbox 867 344 1071 393; x_wconf 88' lang='lat' dir='ltr'><strong>Ophiucus</strong></span> <span class='ocrx_word' id='word_1_13' title='bbox 1100 343 1259 381; x_wconf 90' lang='lat' dir='ltr'><strong>nomine</strong></span> <span class='ocrx_word' id='word_1_14' title='bbox 1288 341 1407 391; x_wconf 88' lang='lat' dir='ltr'><strong>signis</strong></span> 
     </span>
    </p>
   </div>
   <div class='ocr_carea' id='block_1_3' title="bbox 425 409 1493 461">
    <p class='ocr_par' dir='ltr' id='par_1_3' title="bbox 425 409 1493 461">
     <span class='ocr_line' id='line_1_4' title="bbox 425 409 1493 461; baseline -0.005 -12"><span class='ocrx_word' id='word_1_15' title='bbox 425 412 570 450; x_wconf 88' lang='lat' dir='ltr'><strong>Diuidit</strong></span> <span class='ocrx_word' id='word_1_16' title='bbox 599 418 712 461; x_wconf 86' lang='lat' dir='ltr'><strong>atque</strong></span> <span class='ocrx_word' id='word_1_17' title='bbox 741 409 856 448; x_wconf 85' lang='lat' dir='ltr'><strong>etiam</strong></span> <span class='ocrx_word' id='word_1_18' title='bbox 886 415 968 447; x_wconf 90' lang='lat' dir='ltr'><strong>toto</strong></span> <span class='ocrx_word' id='word_1_19' title='bbox 996 410 1134 459; x_wconf 87' lang='lat' dir='ltr'><strong>ingens</strong></span> <span class='ocrx_word' id='word_1_20' title='bbox 1163 420 1324 458; x_wconf 86' lang='lat' dir='ltr'><strong>corpore</strong></span> <span class='ocrx_word' id='word_1_21' title='bbox 1354 418 1493 456; x_wconf 91' lang='lat' dir='ltr'><strong>corpus</strong></span> 
     </span>
    </p>
   </div>
   <div class='ocr_carea' id='block_1_4' title="bbox 424 477 1516 571">
    <p class='ocr_par' dir='ltr' id='par_1_4' title="bbox 424 477 1516 571">
     <span class='ocr_line' id='line_1_5' title="bbox 424 477 1516 571; baseline -0.005 -13"><span class='ocrx_word' id='word_1_22' title='bbox 424 477 603 571; x_wconf 42' lang='lat' dir='ltr'><strong>Eizeplittzet</strong></span> <span class='ocrx_word' id='word_1_23' title='bbox 632 526 667 557; x_wconf 88' lang='lat' dir='ltr'><strong>ct</strong></span> <span class='ocrx_word' id='word_1_24' title='bbox 684 517 732 570; x_wconf 73' lang='grc' dir='ltr'><strong>(Ρ)</strong></span> <span class='ocrx_word' id='word_1_25' title='bbox 761 518 887 556; x_wconf 91' lang='lat' dir='ltr'><strong>nodos</strong></span> <span class='ocrx_word' id='word_1_26' title='bbox 915 519 1142 567; x_wconf 87' lang='lat' dir='ltr'><strong>sinuataque</strong></span> <span class='ocrx_word' id='word_1_27' title='bbox 1172 524 1277 567; x_wconf 84' lang='lat' dir='ltr'><strong>terga</strong></span> <span class='ocrx_word' id='word_1_28' title='bbox 1305 528 1373 566; x_wconf 92' lang='lat' dir='ltr'><strong>per</strong></span> <span class='ocrx_word' id='word_1_29' title='bbox 1401 515 1516 554; x_wconf 90' lang='lat' dir='ltr'><strong>orbes</strong></span> 
     </span>
    </p>
   </div>
   <div class='ocr_carea' id='block_1_5' title="bbox 261 582 1664 2601">
    <p class='ocr_par' dir='ltr' id='par_1_5' title="bbox 320 582 1531 766">
     <span class='ocr_line' id='line_1_6' title="bbox 425 582 1349 636; baseline -0.005 -11"><span class='ocrx_word' id='word_1_30' title='bbox 425 586 598 636; x_wconf 86' lang='lat' dir='ltr'><strong>Respicit</strong></span> <span class='ocrx_word' id='word_1_31' title='bbox 627 585 689 622; x_wconf 86' lang='lat' dir='ltr'><strong>ille</strong></span> <span class='ocrx_word' id='word_1_32' title='bbox 719 592 847 622; x_wconf 83' lang='lat' dir='ltr'><strong>tamen</strong></span> <span class='ocrx_word' id='word_1_33' title='bbox 877 583 981 622; x_wconf 89' lang='lat' dir='ltr'><strong>molli</strong></span> <span class='ocrx_word' id='word_1_34' title='bbox 1010 584 1156 621; x_wconf 90' lang='lat' dir='ltr'><strong>ceruice</strong></span> <span class='ocrx_word' id='word_1_35' title='bbox 1187 582 1349 621; x_wconf 88' lang='lat' dir='ltr'><strong>reflexus</strong></span> 
     </span>
     <span class='ocr_line' id='line_1_7' title="bbox 320 648 1371 702; baseline -0.006 -11"><span class='ocrx_word' id='word_1_36' title='bbox 320 663 396 702; x_wconf 87' lang='grc'><strong>335</strong></span> <span class='ocrx_word' id='word_1_37' title='bbox 426 653 476 690; x_wconf 87' lang='lat' dir='ltr'><strong>Et</strong></span> <span class='ocrx_word' id='word_1_38' title='bbox 504 651 608 690; x_wconf 87' lang='lat' dir='ltr'><strong>dedit</strong></span> <span class='ocrx_word' id='word_1_39' title='bbox 637 650 767 689; x_wconf 87' lang='lat' dir='ltr'><strong>effusis</strong></span> <span class='ocrx_word' id='word_1_40' title='bbox 795 662 863 699; x_wconf 89' lang='lat' dir='ltr'><strong>per</strong></span> <span class='ocrx_word' id='word_1_41' title='bbox 891 649 979 686; x_wconf 80' lang='lat' dir='ltr'><strong>laxa</strong></span> <span class='ocrx_word' id='word_1_42' title='bbox 1007 649 1205 687; x_wconf 88' lang='lat' dir='ltr'><strong>uolumina</strong></span> <span class='ocrx_word' id='word_1_43' title='bbox 1233 648 1371 699; x_wconf 87' lang='lat' dir='ltr'><strong>palmis</strong></span> 
     </span>
     <span class='ocr_line' id='line_1_8' title="bbox 429 715 1531 766; baseline -0.006 -11"><span class='ocrx_word' id='word_1_44' title='bbox 429 717 587 766; x_wconf 83' lang='lat' dir='ltr'><strong>Semper</strong></span> <span class='ocrx_word' id='word_1_45' title='bbox 616 716 683 753; x_wconf 89' lang='lat' dir='ltr'><strong>erit</strong></span> <span class='ocrx_word' id='word_1_46' title='bbox 711 716 864 765; x_wconf 87' lang='lat' dir='ltr'><strong>paribus</strong></span> <span class='ocrx_word' id='word_1_47' title='bbox 893 715 1035 752; x_wconf 88' lang='lat' dir='ltr'><strong>bellum</strong></span> <span class='ocrx_word' id='word_1_48' title='bbox 1065 716 1154 764; x_wconf 89' lang='lat' dir='ltr'><strong>quia</strong></span> <span class='ocrx_word' id='word_1_49' title='bbox 1182 715 1325 752; x_wconf 90' lang='lat' dir='ltr'><strong>uiribus</strong></span> <span class='ocrx_word' id='word_1_50' title='bbox 1354 718 1531 762; x_wconf 84' lang='lat' dir='ltr'><strong>aequant.</strong></span> 
     </span>
    </p>

    <p class='ocr_par' dir='ltr' id='par_1_6' title="bbox 261 776 1664 1359">
     <span class='ocr_line' id='line_1_9' title="bbox 321 776 1657 833; baseline -0.007 -11"><span class='ocrx_word' id='word_1_51' title='bbox 321 797 393 833; x_wconf 83' lang='lat'><strong>331</strong></span> <span class='ocrx_word' id='word_1_52' title='bbox 431 783 659 832; x_wconf 85' lang='lat' dir='ltr'><strong>Serpentem</strong></span> <span class='ocrx_word' id='word_1_53' title='bbox 693 780 997 819; x_wconf 86' lang='lat' dir='ltr'><strong>Graiis—dictus</strong></span> <span class='ocrx_word' id='word_1_54' title='bbox 1034 779 1157 817; x_wconf 78' lang='lat' dir='ltr'><strong>Benll.</strong></span> <span class='ocrx_word' id='word_1_55' title='bbox 1197 793 1246 818; x_wconf 83' lang='lat' dir='ltr'><strong>an</strong></span> <span class='ocrx_word' id='word_1_56' title='bbox 1285 776 1657 828; x_wconf 86' lang='lat' dir='ltr'><strong>Magnes—dictus?</strong></span> 
     </span>
     <span class='ocr_line' id='line_1_10' title="bbox 266 842 1664 899; baseline -0.007 -11"><span class='ocrx_word' id='word_1_57' title='bbox 266 863 340 899; x_wconf 85' lang='lat'><strong>332</strong></span> <span class='ocrx_word' id='word_1_58' title='bbox 364 857 401 888; x_wconf 93' lang='lat' dir='ltr'><strong>et</strong></span> <span class='ocrx_word' id='word_1_59' title='bbox 416 849 492 886; x_wconf 87' lang='lat' dir='ltr'><strong>iam</strong></span> <span class='ocrx_word' id='word_1_60' title='bbox 512 855 595 886; x_wconf 90' lang='lat' dir='ltr'><strong>toto</strong></span> <span class='ocrx_word' id='word_1_61' title='bbox 614 852 815 895; x_wconf 88' lang='lat' dir='ltr'><strong>urgentem</strong></span> <span class='ocrx_word' id='word_1_62' title='bbox 838 845 1051 896; x_wconf 88' lang='lat' dir='ltr'><strong>(ingentem</strong></span> <span class='ocrx_word' id='word_1_63' title='bbox 1075 845 1164 883; x_wconf 83' lang='lat' dir='ltr'><em>Cus.</em></span> <span class='ocrx_word' id='word_1_64' title='bbox 1188 843 1314 895; x_wconf 82' lang='lat' dir='ltr'><strong>Voss.¹)</strong></span> <span class='ocrx_word' id='word_1_65' title='bbox 1334 844 1467 882; x_wconf 82' lang='lat' dir='ltr'><strong>Cus.et</strong></span> <span class='ocrx_word' id='word_1_66' title='bbox 1489 842 1664 880; x_wconf 82' lang='lat' dir='ltr'><strong>Vossianz&#39;</strong></span> 
     </span>
     <span class='ocr_line' id='line_1_11' title="bbox 263 910 1657 963; baseline -0.006 -9"><span class='ocrx_word' id='word_1_67' title='bbox 263 923 301 954; x_wconf 91' lang='lat' dir='ltr'><strong>et</strong></span> <span class='ocrx_word' id='word_1_68' title='bbox 330 922 412 953; x_wconf 91' lang='lat' dir='ltr'><strong>toto</strong></span> <span class='ocrx_word' id='word_1_69' title='bbox 441 920 680 963; x_wconf 85' lang='lat' dir='ltr'><strong>mergentem</strong></span> <span class='ocrx_word' id='word_1_70' title='bbox 700 911 740 949; x_wconf 80' lang='lat' dir='ltr'><strong>bo</strong></span> <span class='ocrx_word' id='word_1_71' title='bbox 770 918 885 960; x_wconf 87' lang='lat' dir='ltr'><strong>atque</strong></span> <span class='ocrx_word' id='word_1_72' title='bbox 915 912 1031 948; x_wconf 88' lang='lat' dir='ltr'><strong>etiam</strong></span> <span class='ocrx_word' id='word_1_73' title='bbox 1060 917 1141 949; x_wconf 91' lang='lat' dir='ltr'><strong>toto</strong></span> <span class='ocrx_word' id='word_1_74' title='bbox 1169 912 1308 960; x_wconf 86' lang='lat' dir='ltr'><strong>ingens</strong></span> <span class='ocrx_word' id='word_1_75' title='bbox 1327 910 1517 947; x_wconf 80' lang='lat' dir='ltr'><strong>Bentleius</strong></span> <span class='ocrx_word' id='word_1_76' title='bbox 1543 915 1657 957; x_wconf 86' lang='lat' dir='ltr'><strong>atque</strong></span> 
     </span>
     <span class='ocr_line' id='line_1_12' title="bbox 262 973 1658 1031; baseline -0.006 -12"><span class='ocrx_word' id='word_1_77' title='bbox 262 982 399 1031; x_wconf 86' lang='lat' dir='ltr'><strong>ingens</strong></span> <span class='ocrx_word' id='word_1_78' title='bbox 419 979 565 1030; x_wconf 85' lang='lat' dir='ltr'><strong>ingenti</strong></span> <span class='ocrx_word' id='word_1_79' title='bbox 585 977 800 1015; x_wconf 67' lang='lat' dir='ltr'><strong>Doruillz&#39;us</strong></span> <span class='ocrx_word' id='word_1_80' title='bbox 819 977 873 1014; x_wconf 83' lang='lat' dir='ltr'><strong>ad</strong></span> <span class='ocrx_word' id='word_1_81' title='bbox 895 976 1043 1015; x_wconf 71' lang='lat' dir='ltr'><strong>Charis.</strong></span> <span class='ocrx_word' id='word_1_82' title='bbox 1054 984 1097 1026; x_wconf 76' lang='lat' dir='ltr'><strong>p.</strong></span> <span class='ocrx_word' id='word_1_83' title='bbox 1121 989 1208 1026; x_wconf 85' lang='lat'>213.</span> <span class='ocrx_word' id='word_1_84' title='bbox 1259 989 1335 1025; x_wconf 91' lang='grc'><strong>333</strong></span> <span class='ocrx_word' id='word_1_85' title='bbox 1365 974 1543 1025; x_wconf 84' lang='lat' dir='ltr'><strong>Explicat</strong></span> <span class='ocrx_word' id='word_1_86' title='bbox 1573 973 1658 1010; x_wconf 86' lang='lat' dir='ltr'><strong>Vos-</strong></span> 
     </span>
     <span class='ocr_line' id='line_1_13' title="bbox 261 1038 1657 1094; baseline -0.007 -9"><span class='ocrx_word' id='word_1_87' title='bbox 261 1048 366 1085; x_wconf 81' lang='lat' dir='ltr'><strong>siani</strong></span> <span class='ocrx_word' id='word_1_88' title='bbox 386 1051 421 1083; x_wconf 87' lang='lat' dir='ltr'><strong>el</strong></span> <span class='ocrx_word' id='word_1_89' title='bbox 443 1059 462 1083; x_wconf 82' lang='grc' dir='ltr'><em>ο</em></span> <span class='ocrx_word' id='word_1_90' title='bbox 486 1044 665 1094; x_wconf 81' lang='lat' dir='ltr'><strong>Explicet</strong></span> <span class='ocrx_word' id='word_1_91' title='bbox 685 1043 705 1080; x_wconf 77' lang='lat' dir='ltr'><em>b</em></span> <span class='ocrx_word' id='word_1_92' title='bbox 724 1042 914 1092; x_wconf 87' lang='lat' dir='ltr'><strong>Expliciet</strong></span> <span class='ocrx_word' id='word_1_93' title='bbox 939 1041 1114 1080; x_wconf 82' lang='lat' dir='ltr'><em>Cusanus</em></span> <span class='ocrx_word' id='word_1_94' title='bbox 1140 1049 1180 1080; x_wconf 93' lang='lat' dir='ltr'><strong>ut</strong></span> <span class='ocrx_word' id='word_1_95' title='bbox 1199 1043 1333 1079; x_wconf 83' lang='lat' dir='ltr'><strong>codices</strong></span> <span class='ocrx_word' id='word_1_96' title='bbox 1343 1045 1496 1091; x_wconf 80' lang='lat' dir='ltr'><strong>praeter</strong></span> <span class='ocrx_word' id='word_1_97' title='bbox 1519 1038 1657 1077; x_wconf 86' lang='lat' dir='ltr'><strong>Gembl.</strong></span> 
     </span>
     <span class='ocr_line' id='line_1_14' title="bbox 265 1104 1660 1161; baseline -0.005 -12"><span class='ocrx_word' id='word_1_98' title='bbox 265 1126 342 1161; x_wconf 84' lang='lat'><strong>334</strong></span> <span class='ocrx_word' id='word_1_99' title='bbox 364 1111 548 1149; x_wconf 88' lang='lat' dir='ltr'><strong>reflexsus</strong></span> <span class='ocrx_word' id='word_1_100' title='bbox 567 1109 656 1148; x_wconf 70' lang='lat' dir='ltr'><strong>Cas.</strong></span> <span class='ocrx_word' id='word_1_101' title='bbox 715 1118 791 1157; x_wconf 89' lang='grc'><strong>335</strong></span> <span class='ocrx_word' id='word_1_102' title='bbox 814 1108 864 1145; x_wconf 84' lang='lat' dir='ltr'><strong>Et</strong></span> <span class='ocrx_word' id='word_1_103' title='bbox 881 1107 983 1145; x_wconf 88' lang='lat' dir='ltr'><strong>dedit</strong></span> <span class='ocrx_word' id='word_1_104' title='bbox 999 1121 1117 1145; x_wconf 84' lang='lat' dir='ltr'><strong>omnes</strong></span> <span class='ocrx_word' id='word_1_105' title='bbox 1137 1108 1292 1157; x_wconf 88' lang='lat' dir='ltr'><strong>expedit</strong></span> <span class='ocrx_word' id='word_1_106' title='bbox 1307 1107 1478 1155; x_wconf 61' lang='lat' dir='ltr'><strong>Scaliger</strong></span> <span class='ocrx_word' id='word_1_107' title='bbox 1497 1105 1546 1142; x_wconf 90' lang='lat' dir='ltr'><strong>Et</strong></span> <span class='ocrx_word' id='word_1_108' title='bbox 1561 1104 1660 1142; x_wconf 88' lang='lat' dir='ltr'><strong>redit</strong></span> 
     </span>
     <span class='ocr_line' id='line_1_15' title="bbox 263 1169 1658 1220; baseline -0.007 -4"><span class='ocrx_word' id='word_1_109' title='bbox 263 1178 452 1216; x_wconf 80' lang='lat' dir='ltr'><strong>Bentleius</strong></span> <span class='ocrx_word' id='word_1_110' title='bbox 464 1175 603 1214; x_wconf 89' lang='lat' dir='ltr'><strong>Exsilit</strong></span> <span class='ocrx_word' id='word_1_111' title='bbox 618 1174 775 1212; x_wconf 73' lang='lat' dir='ltr'><em>Iacobus</em></span> <span class='ocrx_word' id='word_1_112' title='bbox 833 1187 921 1211; x_wconf 83' lang='lat' dir='ltr'><strong>num</strong></span> <span class='ocrx_word' id='word_1_113' title='bbox 938 1173 1118 1211; x_wconf 87' lang='lat' dir='ltr'><strong>Exserit?</strong></span> <span class='ocrx_word' id='word_1_114' title='bbox 1164 1173 1279 1211; x_wconf 90' lang='lat' dir='ltr'><strong>elusis</strong></span> <span class='ocrx_word' id='word_1_115' title='bbox 1295 1172 1417 1210; x_wconf 80' lang='lat' dir='ltr'><em>Benll.</em></span> <span class='ocrx_word' id='word_1_116' title='bbox 1459 1173 1534 1220; x_wconf 88' lang='grc'><strong>336</strong></span> <span class='ocrx_word' id='word_1_117' title='bbox 1551 1169 1658 1207; x_wconf 84' lang='lat' dir='ltr'><strong>Num</strong></span> 
     </span>
     <span class='ocr_line' id='line_1_16' title="bbox 263 1236 1658 1294; baseline -0.007 -12"><span class='ocrx_word' id='word_1_118' title='bbox 263 1256 374 1294; x_wconf 85' lang='lat' dir='ltr'><strong>separ</strong></span> <span class='ocrx_word' id='word_1_119' title='bbox 402 1243 458 1280; x_wconf 89' lang='lat' dir='ltr'><strong>it?</strong></span> <span class='ocrx_word' id='word_1_120' title='bbox 489 1255 540 1279; x_wconf 83' lang='lat' dir='ltr'><strong>an</strong></span> <span class='ocrx_word' id='word_1_121' title='bbox 568 1253 701 1290; x_wconf 81' lang='lat' dir='ltr'><strong>separe</strong></span> <span class='ocrx_word' id='word_1_122' title='bbox 731 1239 827 1276; x_wconf 88' lang='lat' dir='ltr'><strong>erit?</strong></span> <span class='ocrx_word' id='word_1_123' title='bbox 861 1244 904 1276; x_wconf 79' lang='lat' dir='ltr'><strong>ul</strong></span> <span class='ocrx_word' id='word_1_124' title='bbox 930 1251 1066 1289; x_wconf 80' lang='lat' dir='ltr'><strong>separe</strong></span> <span class='ocrx_word' id='word_1_125' title='bbox 1094 1239 1308 1277; x_wconf 79' lang='lat' dir='ltr'><strong>aduerbium</strong></span> <span class='ocrx_word' id='word_1_126' title='bbox 1333 1239 1407 1276; x_wconf 78' lang='lat' dir='ltr'><strong>sil:</strong></span> <span class='ocrx_word' id='word_1_127' title='bbox 1439 1236 1486 1275; x_wconf 90' lang='lat' dir='ltr'><strong>cf.</strong></span> <span class='ocrx_word' id='word_1_128' title='bbox 1506 1236 1658 1286; x_wconf 85' lang='lat' dir='ltr'><strong>dispare</strong></span> 
     </span>
     <span class='ocr_line' id='line_1_17' title="bbox 263 1304 1362 1359; baseline -0.005 -12"><span class='ocrx_word' id='word_1_129' title='bbox 263 1316 322 1359; x_wconf 77' lang='lat' dir='ltr'><strong>ap.</strong></span> <span class='ocrx_word' id='word_1_130' title='bbox 342 1309 494 1346; x_wconf 73' lang='lat' dir='ltr'><strong>Petron.</strong></span> <span class='ocrx_word' id='word_1_131' title='bbox 515 1306 557 1344; x_wconf 82' lang='lat' dir='ltr'><strong>S.</strong></span> <span class='ocrx_word' id='word_1_132' title='bbox 579 1319 640 1354; x_wconf 88' lang='lat'><strong>49.</strong></span> <span class='ocrx_word' id='word_1_133' title='bbox 698 1305 755 1342; x_wconf 75' lang='lat' dir='ltr'><strong>At</strong></span> <span class='ocrx_word' id='word_1_134' title='bbox 774 1304 932 1354; x_wconf 86' lang='lat' dir='ltr'><strong>Semper</strong></span> <span class='ocrx_word' id='word_1_135' title='bbox 953 1305 1020 1343; x_wconf 85' lang='lat' dir='ltr'><strong>erit</strong></span> <span class='ocrx_word' id='word_1_136' title='bbox 1040 1306 1206 1342; x_wconf 76' lang='lat' dir='ltr'><strong>recurrit</strong></span> <span class='ocrx_word' id='word_1_137' title='bbox 1222 1305 1251 1342; x_wconf 93' lang='lat' dir='ltr'><strong>I.</strong></span> <span class='ocrx_word' id='word_1_138' title='bbox 1275 1315 1362 1353; x_wconf 85' lang='lat'>599.</span> 
     </span>
    </p>

    <p class='ocr_par' dir='ltr' id='par_1_7' title="bbox 263 1366 1658 1484">
     <span class='ocr_line' id='line_1_18' title="bbox 317 1366 1658 1417; baseline -0.007 -4"><span class='ocrx_word' id='word_1_139' title='bbox 317 1373 446 1413; x_wconf 90' lang='lat' dir='ltr'><strong>Locus</strong></span> <span class='ocrx_word' id='word_1_140' title='bbox 474 1385 521 1410; x_wconf 92' lang='lat' dir='ltr'><strong>ex</strong></span> <span class='ocrx_word' id='word_1_141' title='bbox 552 1371 792 1417; x_wconf 83' lang='lat' dir='ltr'><strong>difficillimis,</strong></span> <span class='ocrx_word' id='word_1_142' title='bbox 814 1383 886 1408; x_wconf 92' lang='lat' dir='ltr'><strong>nec</strong></span> <span class='ocrx_word' id='word_1_143' title='bbox 916 1371 965 1407; x_wconf 89' lang='lat' dir='ltr'><strong>ab</strong></span> <span class='ocrx_word' id='word_1_144' title='bbox 994 1370 1072 1409; x_wconf 90' lang='lat' dir='ltr'><strong>ullo</strong></span> <span class='ocrx_word' id='word_1_145' title='bbox 1102 1378 1269 1408; x_wconf 89' lang='lat' dir='ltr'><strong>sanatus.</strong></span> <span class='ocrx_word' id='word_1_146' title='bbox 1327 1368 1404 1407; x_wconf 89' lang='lat' dir='ltr'><strong>Sed</strong></span> <span class='ocrx_word' id='word_1_147' title='bbox 1435 1366 1658 1406; x_wconf 89' lang='lat' dir='ltr'><strong>conferendi</strong></span> 
     </span>
     <span class='ocr_line' id='line_1_19' title="bbox 263 1435 1197 1484; baseline -0.007 -5"><span class='ocrx_word' id='word_1_148' title='bbox 263 1446 373 1479; x_wconf 87' lang='lat' dir='ltr'><strong>erant</strong></span> <span class='ocrx_word' id='word_1_149' title='bbox 391 1450 527 1477; x_wconf 88' lang='lat' dir='ltr'><strong>uersus</strong></span> <span class='ocrx_word' id='word_1_150' title='bbox 548 1436 745 1475; x_wconf 86' lang='lat' dir='ltr'><strong>Ciceronis</strong></span> <span class='ocrx_word' id='word_1_151' title='bbox 766 1436 814 1473; x_wconf 89' lang='lat' dir='ltr'><strong>de</strong></span> <span class='ocrx_word' id='word_1_152' title='bbox 835 1435 885 1474; x_wconf 87' lang='lat' dir='ltr'><strong>N.</strong></span> <span class='ocrx_word' id='word_1_153' title='bbox 908 1435 954 1473; x_wconf 94' lang='lat' dir='ltr'><strong>D.</strong></span> <span class='ocrx_word' id='word_1_154' title='bbox 978 1436 1012 1473; x_wconf 88' lang='lat' dir='ltr'><strong>ii.</strong></span> <span class='ocrx_word' id='word_1_155' title='bbox 1035 1448 1098 1482; x_wconf 90' lang='lat'><strong>42.</strong></span> <span class='ocrx_word' id='word_1_156' title='bbox 1124 1448 1197 1484; x_wconf 91' lang='lat'><strong>109</strong></span> 
     </span>
    </p>

    <p class='ocr_par' dir='ltr' id='par_1_8' title="bbox 427 1500 1538 1551">
     <span class='ocr_line' id='line_1_20' title="bbox 427 1500 1538 1551; baseline -0.004 -10"><span class='ocrx_word' id='word_1_157' title='bbox 427 1504 558 1550; x_wconf 84' lang='lat' dir='ltr'><strong>Quem</strong></span> <span class='ocrx_word' id='word_1_158' title='bbox 587 1502 691 1541; x_wconf 89' lang='lat' dir='ltr'><strong>claro</strong></span> <span class='ocrx_word' id='word_1_159' title='bbox 721 1501 926 1551; x_wconf 88' lang='lat' dir='ltr'><strong>perhibent</strong></span> <span class='ocrx_word' id='word_1_160' title='bbox 955 1500 1202 1551; x_wconf 88' lang='lat' dir='ltr'><strong>Ophiuchum</strong></span> <span class='ocrx_word' id='word_1_161' title='bbox 1231 1501 1389 1539; x_wconf 88' lang='lat' dir='ltr'><strong>nomine</strong></span> <span class='ocrx_word' id='word_1_162' title='bbox 1419 1500 1538 1538; x_wconf 89' lang='lat' dir='ltr'><strong>Graii.</strong></span> 
     </span>
    </p>

    <p class='ocr_par' dir='ltr' id='par_1_9' title="bbox 429 1567 1496 1618">
     <span class='ocr_line' id='line_1_21' title="bbox 429 1567 1496 1618; baseline -0.004 -11"><span class='ocrx_word' id='word_1_163' title='bbox 429 1569 507 1607; x_wconf 91' lang='lat' dir='ltr'><strong>Hic</strong></span> <span class='ocrx_word' id='word_1_164' title='bbox 534 1580 669 1618; x_wconf 85' lang='lat' dir='ltr'><strong>pressu</strong></span> <span class='ocrx_word' id='word_1_165' title='bbox 697 1567 843 1616; x_wconf 89' lang='lat' dir='ltr'><strong>duplici</strong></span> <span class='ocrx_word' id='word_1_166' title='bbox 871 1567 1084 1617; x_wconf 85' lang='lat' dir='ltr'><strong>palmarum</strong></span> <span class='ocrx_word' id='word_1_167' title='bbox 1114 1567 1286 1605; x_wconf 88' lang='lat' dir='ltr'><strong>continet</strong></span> <span class='ocrx_word' id='word_1_168' title='bbox 1314 1567 1496 1616; x_wconf 87' lang='lat' dir='ltr'><strong>Anguem</strong></span> 
     </span>
    </p>

    <p class='ocr_par' dir='ltr' id='par_1_10' title="bbox 426 1632 1477 1684">
     <span class='ocr_line' id='line_1_22' title="bbox 426 1632 1477 1684; baseline -0.004 -11"><span class='ocrx_word' id='word_1_169' title='bbox 426 1636 556 1684; x_wconf 88' lang='lat' dir='ltr'><strong>Atque</strong></span> <span class='ocrx_word' id='word_1_170' title='bbox 584 1633 666 1671; x_wconf 89' lang='lat' dir='ltr'><strong>eius</strong></span> <span class='ocrx_word' id='word_1_171' title='bbox 696 1633 777 1682; x_wconf 87' lang='lat' dir='ltr'><strong>ipse</strong></span> <span class='ocrx_word' id='word_1_172' title='bbox 808 1639 938 1670; x_wconf 88' lang='lat' dir='ltr'><strong>manet</strong></span> <span class='ocrx_word' id='word_1_173' title='bbox 966 1632 1145 1681; x_wconf 84' lang='lat' dir='ltr'><strong>religatus</strong></span> <span class='ocrx_word' id='word_1_174' title='bbox 1173 1645 1335 1682; x_wconf 88' lang='lat' dir='ltr'><strong>corpore</strong></span> <span class='ocrx_word' id='word_1_175' title='bbox 1364 1639 1477 1670; x_wconf 91' lang='lat' dir='ltr'><strong>torto.</strong></span> 
     </span>
    </p>

    <p class='ocr_par' dir='ltr' id='par_1_11' title="bbox 428 1696 1598 1749">
     <span class='ocr_line' id='line_1_23' title="bbox 428 1696 1598 1749; baseline -0.002 -12"><span class='ocrx_word' id='word_1_176' title='bbox 428 1699 610 1749; x_wconf 86' lang='lat' dir='ltr'><strong>Namque</strong></span> <span class='ocrx_word' id='word_1_177' title='bbox 638 1698 762 1735; x_wconf 87' lang='lat' dir='ltr'><strong>uirum</strong></span> <span class='ocrx_word' id='word_1_178' title='bbox 790 1698 962 1735; x_wconf 90' lang='lat' dir='ltr'><strong>medium</strong></span> <span class='ocrx_word' id='word_1_179' title='bbox 991 1710 1150 1747; x_wconf 88' lang='lat' dir='ltr'><strong>serpens</strong></span> <span class='ocrx_word' id='word_1_180' title='bbox 1180 1699 1252 1735; x_wconf 91' lang='lat' dir='ltr'><strong>sub</strong></span> <span class='ocrx_word' id='word_1_181' title='bbox 1280 1704 1437 1748; x_wconf 89' lang='lat' dir='ltr'><strong>pectore</strong></span> <span class='ocrx_word' id='word_1_182' title='bbox 1467 1696 1598 1746; x_wconf 86' lang='lat' dir='ltr'><strong>cingit.</strong></span> 
     </span>
    </p>

    <p class='ocr_par' dir='ltr' id='par_1_12' title="bbox 428 1763 1339 1813">
     <span class='ocr_line' id='line_1_24' title="bbox 428 1763 1339 1813; baseline -0.002 -10"><span class='ocrx_word' id='word_1_183' title='bbox 428 1765 497 1803; x_wconf 90' lang='lat' dir='ltr'><strong>Ille</strong></span> <span class='ocrx_word' id='word_1_184' title='bbox 527 1772 658 1802; x_wconf 89' lang='lat' dir='ltr'><strong>tamen</strong></span> <span class='ocrx_word' id='word_1_185' title='bbox 687 1763 811 1801; x_wconf 88' lang='lat' dir='ltr'><strong>nitens</strong></span> <span class='ocrx_word' id='word_1_186' title='bbox 840 1763 1006 1812; x_wconf 84' lang='lat' dir='ltr'><strong>grauiter</strong></span> <span class='ocrx_word' id='word_1_187' title='bbox 1033 1764 1193 1813; x_wconf 85' lang='lat' dir='ltr'><strong>uestigia</strong></span> <span class='ocrx_word' id='word_1_188' title='bbox 1221 1764 1339 1813; x_wconf 89' lang='lat' dir='ltr'><strong>ponit,</strong></span> 
     </span>
    </p>

    <p class='ocr_par' dir='ltr' id='par_1_13' title="bbox 264 1828 1664 2601">
     <span class='ocr_line' id='line_1_25' title="bbox 428 1828 1485 1880; baseline -0.003 -12"><span class='ocrx_word' id='word_1_189' title='bbox 428 1831 557 1880; x_wconf 87' lang='lat' dir='ltr'><strong>Atque</strong></span> <span class='ocrx_word' id='word_1_190' title='bbox 585 1829 721 1868; x_wconf 89' lang='lat' dir='ltr'><strong>oculos</strong></span> <span class='ocrx_word' id='word_1_191' title='bbox 750 1836 886 1878; x_wconf 84' lang='lat' dir='ltr'><strong>urguet</strong></span> <span class='ocrx_word' id='word_1_192' title='bbox 916 1828 1079 1878; x_wconf 90' lang='lat' dir='ltr'><strong>pedibus</strong></span> <span class='ocrx_word' id='word_1_193' title='bbox 1107 1836 1318 1879; x_wconf 88' lang='lat' dir='ltr'><strong>pectusque</strong></span> <span class='ocrx_word' id='word_1_194' title='bbox 1348 1828 1485 1878; x_wconf 86' lang='lat' dir='ltr'><strong>Nepai.</strong></span> 
     </span>
     <span class='ocr_line' id='line_1_26' title="bbox 266 1893 1660 1946; baseline -0.004 -9"><span class='ocrx_word' id='word_1_195' title='bbox 266 1900 355 1937; x_wconf 89' lang='lat' dir='ltr'><strong>Hos</strong></span> <span class='ocrx_word' id='word_1_196' title='bbox 381 1896 594 1946; x_wconf 86' lang='lat' dir='ltr'><strong>respexisse</strong></span> <span class='ocrx_word' id='word_1_197' title='bbox 620 1895 713 1932; x_wconf 90' lang='lat' dir='ltr'><strong>mihi</strong></span> <span class='ocrx_word' id='word_1_198' title='bbox 741 1893 922 1932; x_wconf 82' lang='lat' dir='ltr'><strong>Manilius</strong></span> <span class='ocrx_word' id='word_1_199' title='bbox 951 1894 1122 1941; x_wconf 89' lang='lat' dir='ltr'><strong>uidetur;</strong></span> <span class='ocrx_word' id='word_1_200' title='bbox 1156 1907 1362 1933; x_wconf 89' lang='lat' dir='ltr'><strong>commune</strong></span> <span class='ocrx_word' id='word_1_201' title='bbox 1391 1895 1495 1932; x_wconf 91' lang='lat' dir='ltr'><strong>enim</strong></span> <span class='ocrx_word' id='word_1_202' title='bbox 1515 1894 1660 1932; x_wconf 87' lang='lat' dir='ltr'><strong>habent</strong></span> 
     </span>
     <span class='ocr_line' id='line_1_27' title="bbox 266 1959 1659 2010; baseline -0.003 -8"><span class='ocrx_word' id='word_1_203' title='bbox 266 1975 356 2002; x_wconf 91' lang='lat' dir='ltr'><strong>curn</strong></span> <span class='ocrx_word' id='word_1_204' title='bbox 377 1975 424 2000; x_wconf 91' lang='lat' dir='ltr'><strong>eo</strong></span> <span class='ocrx_word' id='word_1_205' title='bbox 443 1963 502 1999; x_wconf 83' lang='lat' dir='ltr'><strong>ille</strong></span> <span class='ocrx_word' id='word_1_206' title='bbox 521 1969 651 2007; x_wconf 80' lang='lat' dir='ltr'><strong>tamen,</strong></span> <span class='ocrx_word' id='word_1_207' title='bbox 673 1961 850 2010; x_wconf 90' lang='lat' dir='ltr'><strong>quamuis</strong></span> <span class='ocrx_word' id='word_1_208' title='bbox 874 1961 949 1999; x_wconf 91' lang='lat' dir='ltr'><strong>alio</strong></span> <span class='ocrx_word' id='word_1_209' title='bbox 969 1961 1088 1998; x_wconf 86' lang='lat' dir='ltr'><strong>uerba</strong></span> <span class='ocrx_word' id='word_1_210' title='bbox 1114 1959 1295 1998; x_wconf 84' lang='lat' dir='ltr'><strong>Manilius</strong></span> <span class='ocrx_word' id='word_1_211' title='bbox 1320 1961 1528 2007; x_wconf 87' lang='lat' dir='ltr'><strong>detorserit,</strong></span> <span class='ocrx_word' id='word_1_212' title='bbox 1551 1967 1589 1998; x_wconf 90' lang='lat' dir='ltr'><strong>et</strong></span> <span class='ocrx_word' id='word_1_213' title='bbox 1609 1961 1659 1998; x_wconf 87' lang='lat' dir='ltr'><strong>ad</strong></span> 
     </span>
     <span class='ocr_line' id='line_1_28' title="bbox 264 2025 1660 2078; baseline -0.003 -11"><span class='ocrx_word' id='word_1_214' title='bbox 264 2030 458 2078; x_wconf 83' lang='lat' dir='ltr'><strong>Anguem,</strong></span> <span class='ocrx_word' id='word_1_215' title='bbox 478 2039 558 2065; x_wconf 88' lang='lat' dir='ltr'><strong>non</strong></span> <span class='ocrx_word' id='word_1_216' title='bbox 579 2026 628 2064; x_wconf 91' lang='lat' dir='ltr'><strong>ad</strong></span> <span class='ocrx_word' id='word_1_217' title='bbox 649 2025 895 2076; x_wconf 89' lang='lat' dir='ltr'><strong>Ophiuchum</strong></span> <span class='ocrx_word' id='word_1_218' title='bbox 916 2026 1092 2064; x_wconf 88' lang='lat' dir='ltr'><strong>retulerit.</strong></span> <span class='ocrx_word' id='word_1_219' title='bbox 1151 2026 1227 2064; x_wconf 90' lang='lat' dir='ltr'><strong>Sed</strong></span> <span class='ocrx_word' id='word_1_220' title='bbox 1251 2034 1381 2064; x_wconf 90' lang='lat' dir='ltr'><strong>tamen</strong></span> <span class='ocrx_word' id='word_1_221' title='bbox 1409 2026 1660 2064; x_wconf 88' lang='lat' dir='ltr'><strong>confirmatur</strong></span> 
     </span>
     <span class='ocr_line' id='line_1_29' title="bbox 265 2091 1660 2142; baseline -0.001 -10"><span class='ocrx_word' id='word_1_222' title='bbox 265 2095 354 2132; x_wconf 89' lang='lat' dir='ltr'><strong>hinc</strong></span> <span class='ocrx_word' id='word_1_223' title='bbox 377 2093 564 2131; x_wconf 86' lang='lat' dir='ltr'><strong>sententia</strong></span> <span class='ocrx_word' id='word_1_224' title='bbox 585 2103 718 2130; x_wconf 90' lang='lat' dir='ltr'><strong>eorum</strong></span> <span class='ocrx_word' id='word_1_225' title='bbox 748 2092 813 2141; x_wconf 91' lang='lat' dir='ltr'><strong>qui</strong></span> <span class='ocrx_word' id='word_1_226' title='bbox 842 2098 930 2141; x_wconf 90' lang='lat' dir='ltr'><strong>post</strong></span> <span class='ocrx_word' id='word_1_227' title='bbox 948 2091 1118 2140; x_wconf 77' lang='lat' dir='ltr'><strong>Respicit</strong></span> <span class='ocrx_word' id='word_1_228' title='bbox 1143 2092 1438 2139; x_wconf 85' lang='lat' dir='ltr'><strong>distinctionem,</strong></span> <span class='ocrx_word' id='word_1_229' title='bbox 1461 2104 1542 2130; x_wconf 89' lang='lat' dir='ltr'><strong>non</strong></span> <span class='ocrx_word' id='word_1_230' title='bbox 1571 2099 1660 2142; x_wconf 90' lang='lat' dir='ltr'><strong>post</strong></span> 
     </span>
     <span class='ocr_line' id='line_1_30' title="bbox 266 2156 1660 2208; baseline -0.001 -11"><span class='ocrx_word' id='word_1_231' title='bbox 266 2160 366 2197; x_wconf 83' lang='lat' dir='ltr'><strong>orbes</strong></span> <span class='ocrx_word' id='word_1_232' title='bbox 381 2158 549 2196; x_wconf 87' lang='lat' dir='ltr'><strong>fecerunt</strong></span> <span class='ocrx_word' id='word_1_233' title='bbox 566 2169 573 2194; x_wconf 92' lang='lat'>:</span> <span class='ocrx_word' id='word_1_234' title='bbox 605 2157 705 2194; x_wconf 90' lang='lat' dir='ltr'><strong>unde</strong></span> <span class='ocrx_word' id='word_1_235' title='bbox 726 2156 884 2194; x_wconf 89' lang='lat' dir='ltr'><strong>Bentleii</strong></span> <span class='ocrx_word' id='word_1_236' title='bbox 906 2157 1124 2195; x_wconf 89' lang='lat' dir='ltr'><strong>emendatio</strong></span> <span class='ocrx_word' id='word_1_237' title='bbox 1139 2156 1197 2194; x_wconf 75' lang='lat' dir='ltr'><strong>Et</strong></span> <span class='ocrx_word' id='word_1_238' title='bbox 1214 2159 1318 2203; x_wconf 76' lang='lat' dir='ltr'><strong>redit,</strong></span> <span class='ocrx_word' id='word_1_239' title='bbox 1336 2158 1477 2208; x_wconf 89' lang='lat' dir='ltr'><strong>alioqui</strong></span> <span class='ocrx_word' id='word_1_240' title='bbox 1498 2157 1660 2196; x_wconf 88' lang='lat' dir='ltr'><strong>fortasse</strong></span> 
     </span>
     <span class='ocr_line' id='line_1_31' title="bbox 266 2222 1660 2275; baseline -0.002 -13"><span class='ocrx_word' id='word_1_241' title='bbox 266 2225 460 2275; x_wconf 85' lang='lat' dir='ltr'><strong>placitura,</strong></span> <span class='ocrx_word' id='word_1_242' title='bbox 481 2222 735 2260; x_wconf 82' lang='lat' dir='ltr'><strong>abiudicanda</strong></span> <span class='ocrx_word' id='word_1_243' title='bbox 755 2229 823 2260; x_wconf 86' lang='lat' dir='ltr'><strong>est.</strong></span> <span class='ocrx_word' id='word_1_244' title='bbox 880 2222 956 2260; x_wconf 91' lang='lat' dir='ltr'><strong>Sed</strong></span> <span class='ocrx_word' id='word_1_245' title='bbox 985 2235 1056 2260; x_wconf 88' lang='lat' dir='ltr'><strong>nec</strong></span> <span class='ocrx_word' id='word_1_246' title='bbox 1086 2222 1261 2261; x_wconf 90' lang='lat' dir='ltr'><strong>Doruillii</strong></span> <span class='ocrx_word' id='word_1_247' title='bbox 1291 2224 1512 2261; x_wconf 87' lang='lat' dir='ltr'><strong>coniectura</strong></span> <span class='ocrx_word' id='word_1_248' title='bbox 1531 2225 1660 2273; x_wconf 78' lang='lat' dir='ltr'><strong>ingens</strong></span> 
     </span>
     <span class='ocr_line' id='line_1_32' title="bbox 265 2288 1658 2340; baseline -0.001 -13"><span class='ocrx_word' id='word_1_249' title='bbox 265 2290 412 2340; x_wconf 79' lang='lat' dir='ltr'><strong>ingenti</strong></span> <span class='ocrx_word' id='word_1_250' title='bbox 427 2289 589 2326; x_wconf 89' lang='lat' dir='ltr'><strong>multum</strong></span> <span class='ocrx_word' id='word_1_251' title='bbox 603 2288 717 2326; x_wconf 87' lang='lat' dir='ltr'><strong>habet</strong></span> <span class='ocrx_word' id='word_1_252' title='bbox 732 2300 754 2325; x_wconf 89' lang='lat' dir='ltr'><strong>a</strong></span> <span class='ocrx_word' id='word_1_253' title='bbox 770 2288 970 2326; x_wconf 88' lang='lat' dir='ltr'><strong>codicibus</strong></span> <span class='ocrx_word' id='word_1_254' title='bbox 984 2288 1185 2337; x_wconf 89' lang='lat' dir='ltr'><strong>praesidii:</strong></span> <span class='ocrx_word' id='word_1_255' title='bbox 1207 2288 1433 2339; x_wconf 90' lang='lat' dir='ltr'><strong>uideturque</strong></span> <span class='ocrx_word' id='word_1_256' title='bbox 1448 2289 1539 2326; x_wconf 88' lang='lat' dir='ltr'><strong>mihi</strong></span> <span class='ocrx_word' id='word_1_257' title='bbox 1556 2297 1658 2327; x_wconf 89' lang='lat' dir='ltr'><strong>recte</strong></span> 
     </span>
     <span class='ocr_line' id='line_1_33' title="bbox 267 2353 1659 2404; baseline -0.001 -11"><span class='ocrx_word' id='word_1_258' title='bbox 267 2356 433 2393; x_wconf 85' lang='lat' dir='ltr'><strong>Iacobus</strong></span> <span class='ocrx_word' id='word_1_259' title='bbox 456 2354 494 2391; x_wconf 93' lang='lat' dir='ltr'><strong>id</strong></span> <span class='ocrx_word' id='word_1_260' title='bbox 524 2354 686 2392; x_wconf 86' lang='lat' dir='ltr'><strong>edidisse</strong></span> <span class='ocrx_word' id='word_1_261' title='bbox 707 2354 812 2404; x_wconf 89' lang='lat' dir='ltr'><strong>quod</strong></span> <span class='ocrx_word' id='word_1_262' title='bbox 840 2354 953 2392; x_wconf 86' lang='lat' dir='ltr'><strong>habet</strong></span> <span class='ocrx_word' id='word_1_263' title='bbox 975 2353 1204 2392; x_wconf 78' lang='lat' dir='ltr'><strong>Vossianus²</strong></span> <span class='ocrx_word' id='word_1_264' title='bbox 1223 2359 1258 2391; x_wconf 81' lang='lat' dir='ltr'><strong>el</strong></span> <span class='ocrx_word' id='word_1_265' title='bbox 1283 2356 1357 2392; x_wconf 81' lang='lat' dir='ltr'><strong>iam</strong></span> <span class='ocrx_word' id='word_1_266' title='bbox 1383 2359 1451 2392; x_wconf 75' lang='lat' dir='ltr'><strong>tolo</strong></span> <span class='ocrx_word' id='word_1_267' title='bbox 1474 2359 1659 2403; x_wconf 79' lang='lat' dir='ltr'><strong>urgentem</strong></span> 
     </span>
     <span class='ocr_line' id='line_1_34' title="bbox 266 2420 1658 2470; baseline 0.001 -13"><span class='ocrx_word' id='word_1_268' title='bbox 266 2428 414 2470; x_wconf 82' lang='lat' dir='ltr'><strong>corpore</strong></span> <span class='ocrx_word' id='word_1_269' title='bbox 455 2426 598 2468; x_wconf 77' lang='lat' dir='ltr'><strong>corpus,</strong></span> <span class='ocrx_word' id='word_1_270' title='bbox 632 2432 720 2457; x_wconf 88' lang='lat' dir='ltr'><strong>cum</strong></span> <span class='ocrx_word' id='word_1_271' title='bbox 756 2432 869 2469; x_wconf 85' lang='lat' dir='ltr'><strong>aegre</strong></span> <span class='ocrx_word' id='word_1_272' title='bbox 901 2420 991 2457; x_wconf 88' lang='lat' dir='ltr'><strong>satis</strong></span> <span class='ocrx_word' id='word_1_273' title='bbox 1017 2420 1213 2458; x_wconf 92' lang='lat' dir='ltr'><strong>commodi</strong></span> <span class='ocrx_word' id='word_1_274' title='bbox 1245 2432 1379 2458; x_wconf 88' lang='lat' dir='ltr'><strong>sensus</strong></span> <span class='ocrx_word' id='word_1_275' title='bbox 1407 2420 1578 2458; x_wconf 85' lang='lat' dir='ltr'><strong>eliciatur</strong></span> <span class='ocrx_word' id='word_1_276' title='bbox 1611 2433 1658 2458; x_wconf 89' lang='lat' dir='ltr'><strong>ex</strong></span> 
     </span>
     <span class='ocr_line' id='line_1_35' title="bbox 269 2485 1664 2535; baseline -0.001 -11"><span class='ocrx_word' id='word_1_277' title='bbox 269 2485 419 2524; x_wconf 88' lang='lat' dir='ltr'><strong>Gembl.</strong></span> <span class='ocrx_word' id='word_1_278' title='bbox 439 2490 546 2534; x_wconf 79' lang='lat' dir='ltr'><strong>atque</strong></span> <span class='ocrx_word' id='word_1_279' title='bbox 567 2486 673 2522; x_wconf 83' lang='lat' dir='ltr'><strong>eliam</strong></span> <span class='ocrx_word' id='word_1_280' title='bbox 697 2489 765 2522; x_wconf 75' lang='lat' dir='ltr'><em>tofo</em></span> <span class='ocrx_word' id='word_1_281' title='bbox 789 2486 914 2535; x_wconf 72' lang='lat' dir='ltr'><strong>ingens</strong></span> <span class='ocrx_word' id='word_1_282' title='bbox 938 2499 966 2522; x_wconf 88' lang='lat' dir='ltr'><strong>c.</strong></span> <span class='ocrx_word' id='word_1_283' title='bbox 987 2493 1128 2535; x_wconf 80' lang='lat' dir='ltr'><strong>corpus,</strong></span> <span class='ocrx_word' id='word_1_284' title='bbox 1152 2485 1255 2523; x_wconf 92' lang='lat' dir='ltr'><strong>nihili</strong></span> <span class='ocrx_word' id='word_1_285' title='bbox 1280 2493 1407 2524; x_wconf 89' lang='lat' dir='ltr'><strong>autem</strong></span> <span class='ocrx_word' id='word_1_286' title='bbox 1437 2486 1485 2523; x_wconf 87' lang='lat' dir='ltr'><strong>sit</strong></span> <span class='ocrx_word' id='word_1_287' title='bbox 1510 2486 1603 2524; x_wconf 90' lang='lat' dir='ltr'><strong>illud</strong></span> <span class='ocrx_word' id='word_1_288' title='bbox 1629 2491 1664 2523; x_wconf 84' lang='lat' dir='ltr'><strong>et</strong></span> 
     </span>
     <span class='ocr_line' id='line_1_36' title="bbox 269 2550 1661 2601; baseline 0.002 -15"><span class='ocrx_word' id='word_1_289' title='bbox 269 2555 337 2587; x_wconf 76' lang='lat' dir='ltr'><strong>loto</strong></span> <span class='ocrx_word' id='word_1_290' title='bbox 367 2555 578 2599; x_wconf 74' lang='lat' dir='ltr'><strong>mergcnlem</strong></span> <span class='ocrx_word' id='word_1_291' title='bbox 603 2564 631 2586; x_wconf 83' lang='lat' dir='ltr'><strong>c.</strong></span> <span class='ocrx_word' id='word_1_292' title='bbox 653 2564 681 2589; x_wconf 85' lang='lat' dir='ltr'><strong>c.</strong></span> <span class='ocrx_word' id='word_1_293' title='bbox 742 2550 916 2600; x_wconf 85' lang='lat' dir='ltr'><strong>Sequens</strong></span> <span class='ocrx_word' id='word_1_294' title='bbox 946 2564 1079 2589; x_wconf 85' lang='lat' dir='ltr'><strong>uersus</strong></span> <span class='ocrx_word' id='word_1_295' title='bbox 1103 2551 1220 2589; x_wconf 84' lang='lat' dir='ltr'><strong>tribus</strong></span> <span class='ocrx_word' id='word_1_296' title='bbox 1246 2551 1369 2589; x_wconf 81' lang='lat' dir='ltr'><strong>modis</strong></span> <span class='ocrx_word' id='word_1_297' title='bbox 1397 2552 1509 2589; x_wconf 87' lang='lat' dir='ltr'><strong>scribi</strong></span> <span class='ocrx_word' id='word_1_298' title='bbox 1538 2553 1661 2601; x_wconf 87' lang='lat' dir='ltr'><strong>potuit</strong></span> 
     </span>
    </p>
   </div>
  </div>
 </body>
</html>
