1786 2878
489 148 558 180 AD
590 148 689 180 ARA
700 149 795 180 TEA
834 148 1122 181 GERMAAYCJ
1426 153 1505 195 243

116 255 291 294 Correxit
313 254 469 293 Grotius
491 256 543 293 sic

277 320 390 359 Tunc
420 333 574 371 quoque
604 320 705 358 nulla
734 320 828 358 fides
858 321 963 358 caelo
987 332 1075 358 cum
1105 320 1288 370 scorpion
1319 333 1446 359 acrem

278 386 358 424 Stat
388 397 511 436 super.

113 452 164 489 Et
195 452 291 489 caelo
320 452 478 501 quidam
512 458 658 489 rectum
689 451 860 489 uidetur:
905 453 1072 500 scorpion
1102 463 1150 489 ex
1184 452 1348 500 scorpl'os
1376 453 1505 501 potius

113 518 284 555 uitiatum
323 530 419 555 reor.
496 516 587 555 Non
626 517 743 554 semel
789 517 828 553 in
878 516 1027 554 Manilii
1077 517 1275 554 codicibus
1323 516 1504 566 Scorpion

113 583 292 620 traditum
312 589 380 630 est,
401 583 466 620 ubi
487 582 658 632 Scorpios
677 582 888 632 requiritur.
946 582 996 620 Et
1015 583 1068 620 sic
1089 583 1128 619 in
1146 581 1362 620 Ouidianae
1384 583 1504 620 Ibidis

114 651 192 686 600
212 648 378 698 Orpheon
399 648 459 686 uel
480 648 653 697 Orphean
673 660 744 697 pro
764 648 926 696 Orpheos
946 655 1142 697 praestant
1163 648 1300 697 optimi
1321 648 1488 686 codices.

196 716 244 761 64
367 720 432 751 aut
460 714 670 763 glomerata
700 713 810 750 cadet
839 725 956 763 quam
986 713 1106 751 densa
1137 726 1206 762 per
1235 716 1257 752 ’ὶ-
1274 720 1395 751 astras

274 778 437 817 Immitis
465 779 634 828 grando!
679 778 829 816 caelum
859 791 976 828 quam
1007 791 1122 828 saepe
1153 780 1328 816 sonabit!

111 849 236 882 (τείνας
262 844 479 883 Basiliensis
506 856 595 882 cum
623 844 806 889 Parisino,
829 849 936 881 astra
957 844 1242 882 Arundelianus
1263 856 1351 881 curn
1373 843 1502 882 Meci·-

112 911 305 948 maniano.
362 909 522 948 Grotius
541 909 704 947 correxit
725 910 892 946 aethram
906 923 919 946 .·
961 910 1078 946 fuitne
1103 914 1249 946 austros
1260 912 1281 945 ,Ρ
1335 910 1432 948 Aen.
1453 911 1502 947 ix.

113 979 190 1025 669
228 989 339 1025 quam
377 977 492 1012 mulla
525 976 712 1024 grandine
749 975 869 1011 nimbi
902 974 951 1011 In
990 976 1088 1012 uada
1118 975 1381 1024 praecipitum,
1421 989 1502 1012 cum

110 1041 280 1090 Iuppiter
302 1041 478 1078 horridus
498 1040 656 1077 Austris
681 1040 839 1089 Torquet
865 1053 1040 1089 aquosam
1071 1041 1230 1078 lzz'emem.

168 1116 217 1155 70
238 1119 322 1155 sqq.
344 1107 395 1144 sic
415 1112 545 1144 extant
566 1107 605 1143 in
626 1105 800 1143 Parisino

273 1172 440 1210 Vmidus
469 1178 508 1209 at
537 1171 685 1221 gelidos
715 1171 906 1220 portendit
936 1171 1128 1220 Aquarius
1158 1172 1289 1210 imbris

275 1238 549 1287 Hibernaeque
580 1236 721 1274 cadunt
751 1236 904 1286 pluuiae
933 1244 1191 1287 concretaque
1220 1238 1370 1287 grando

273 1303 446 1341 Piscibus
475 1315 498 1340 a
526 1302 689 1352 geminis
720 1302 792 1339 sub
821 1302 943 1351 prima
972 1310 1140 1340 recurret
1168 1303 1206 1340 in
1236 1311 1335 1340 astra

274 1367 476 1417 Hesperos
505 1367 600 1405 haec
629 1368 695 1404 tibi
725 1368 834 1416 signa
863 1367 968 1405 dabit
998 1380 1087 1405 cum
1117 1368 1297 1407 †lucifer.
1327 1380 1466 1406 aurora

273 1433 498 1483 Ingrediens
518 1432 652 1470 Venus
679 1433 781 1470 alma
806 1432 959 1482 polum:
991 1433 1057 1471 sed
1081 1434 1145 1470 ubi
1176 1434 1375 1484 Hesperos
1405 1434 1502 1483 ignis

196 1509 243 1548 75
273 1499 465 1536 Prouocat
493 1498 680 1536 aetherios
709 1505 746 1536 et
775 1506 929 1536 noctem
958 1498 1098 1536 ducere
1129 1499 1235 1536 terris

273 1564 413 1613 Incipit
442 1564 620 1602 exoriens
648 1563 719 1611 hec
748 1570 784 1601 te
814 1563 991 1601 Citherea
1020 1565 1204 1602 monebit.

169 1640 215 1679 72
235 1631 407 1680 fortasse
429 1634 513 1679 post
537 1629 701 1678 geminis
727 1630 1007 1677 distinguendus
1041 1634 1129 1667 eras.
1170 1631 1241 1667 sub
1271 1631 1403 1667 codices
1437 1630 1501 1666 ubi

110 1709 174 1745 ego
207 1697 247 1732 in
279 1695 395 1732 Βίαν.
426 1695 566 1732 Plzz'lol.
602 1694 780 1732 Canlabr.
810 1696 906 1731 anni
937 1697 1049 1742 1877,
1079 1702 1116 1744 p.
1152 1705 1239 1743 257,
1269 1700 1303 1732 el
1332 1699 1415 1744 post
1450 1708 1503 1731 me

110 1761 364 1798 Baehrensz‘us
382 1759 432 1797 P.
449 1760 496 1797 L.
516 1759 577 1797 M.
597 1761 621 1796 ί.
634 1767 675 1809 p.
696 1773 781 1808 194.
833 1768 851 1807 7
859 1774 879 1808 3
903 1760 1102 1809 Hesperos
1132 1761 1230 1798 codd.
1250 1760 1502 1810 Phosphoros

110 1840 173 1875 ego
187 1826 319 1864 lucifer
339 1832 422 1864 orta
433 1825 584 1862 Arund.
604 1825 734 1863 lucifer
754 1838 820 1863 cur
840 1838 908 1863 ora
927 1813 1152 1863 Ba'sz'lz'enszlr
1167 1831 1200 1863 el
1208 1826 1364 1863 llseerm.
1394 1825 1438 1862 F
1434 1831 1501 1862 ort.

112 1904 201 1930 cum
229 1891 387 1929 lucifero
417 1903 522 1929 auro.
583 1893 631 1939 76
665 1891 736 1939 hec
770 1888 826 1943 te]
857 1904 947 1929 ecce
975 1892 1128 1930 Arund.
1157 1897 1191 1929 et
1219 1891 1375 1929 M'eerm.
1405 1891 1500 1929 haec

111 1970 178 1996 cae
198 1957 423 1994 Basz‘liensz's
443 1969 562 2007 aeque
582 1956 845 1994 Baehrensz'us.

166 2023 285 2061 Hunc
305 2023 434 2060 locum
457 2023 535 2059 iam
559 2034 663 2060 anno
690 2024 788 2070 1877
812 2035 859 2060 ex
881 2023 1031 2060 scholiis
1058 2023 1286 2061 Strozzianis
1313 2023 1502 2072 Breysigii

110 2102 147 2139 p.
170 2091 243 2138 183
265 2089 516 2138 explicabam.
566 2088 680 2125 Venus
699 2089 813 2133 stella,
828 2102 918 2137 quae
932 2102 1065 2138 graece
1083 2089 1328 2139 phosphoron
1349 2090 1498 2131 dicitur,

112 2155 156 2192 id
170 2159 223 2191 est
239 2155 352 2191 lucem
366 2154 502 2204 ferens
521 2154 580 2190 uel
595 2154 689 2190 sedis
710 2151 748 2202 (l.
769 2152 889 2204 sz'dus)
910 2155 1014 2191 lucis.
1059 2153 1154 2192 Cum
1175 2156 1282 2191 solem
1305 2154 1499 2203 praecem),

112 2220 259 2270 lucifer,
288 2232 370 2256 cum
399 2232 485 2256 uero
512 2220 688 2267 sequitur,
719 2226 843 2268 uesper
871 2221 1093 2268 appellatur,
1122 2224 1156 2257 et
1181 2233 1262 2256 cum
1292 2220 1426 2269 lucifer
1453 2224 1506 2255 esl

112 2286 262 2322 colorem
287 2284 393 2322 habet
414 2285 633 2330 candentem,
659 2297 738 2321 cum
765 2291 888 2333 uesper
901 2286 1128 2335 fulgentem.
1189 2285 1271 2322 Nec
1300 2284 1433 2322 dubito
1462 2285 1500 2320 in

116 2359 164 2398 73
195 2349 379 2399 Hesperos
405 2356 583 2398 corrupte
611 2361 682 2398 pro
710 2348 890 2399 Fosforos
921 2350 1125 2396 traditum;
1169 2349 1369 2386 manifeste
1398 2349 1501 2386 enim

113 2421 360 2464 opponuntur
378 2415 587 2452 matutinus
607 2414 767 2451 Veneris
795 2420 899 2452 ortus
927 2421 964 2452 et
987 2415 1241 2464 uespertinus.
1300 2413 1376 2451 Sed
1396 2414 1501 2463 quod

114 2481 218 2529 prius
245 2486 419 2529 putaram
448 2481 566 2517 uerba
586 2480 725 2529 quibus
752 2488 798 2527 73
821 2479 983 2517 cluditur
1003 2480 1118 2517 fuisse
1142 2493 1221 2516 cum
1246 2481 1321 2516 luce
1334 2480 1502 2529 feremur,

114 2557 216 2583 nunc
237 2546 383 2584 abicio:
414 2559 503 2584 nam
523 2546 615 2584 illud
635 2559 776 2583 aurora
798 2546 901 2583 ducit
929 2546 1055 2595 potius
1080 2546 1128 2583 ad
1154 2557 1311 2583 aureum
1333 2544 1500 2582 colorem

775 2624 796 2648 R
822 2624 839 2647 2
