1786 2878
255 146 278 185 8
671 153 864 187 NOCTES
895 153 1113 187 MANJLJA
1119 152 1225 185 NAE

256 273 362 310 ἐοικὸς
380 272 605 319 Ἀμφοτέρῃς·
644 271 663 318 ἡ
684 273 711 308 δ’
732 275 804 308 οὔτι
831 274 928 317 τόση,
949 273 1040 318 μάλα
1061 272 1089 308 δ’
1110 272 1205 307 ἐστὶν
1228 269 1341 317 ἑτοίμη
1361 271 1546 317 Εὒρέσθαι·
1574 272 1651 318 περὶ

256 340 322 386 γὰρ
337 338 470 374 πολέων
489 339 669 385 εὐάστερός
689 339 794 374 ἐστιν.
828 336 927 374 Illud
948 345 1076 374 tamen
1093 349 1173 374 non
1190 336 1442 374 omittendum
1464 342 1531 382 est,
1545 335 1653 386 quod

257 404 434 452 lampada
454 402 712 440 nominatiuus
732 402 791 439 bis
811 409 915 439 extat
930 402 969 438 in
990 401 1262 452 Heptateucho
1283 413 1399 452 quem
1419 414 1442 439 a
1456 401 1654 440 cardinali

258 468 362 506 Pitra
385 468 531 505 editum
551 468 590 504 in
615 467 820 517 Spicilegio
843 467 1076 505 Solesmensi
1096 478 1219 517 nuper
1239 467 1459 505 emendauit
1483 467 1653 505 Ioannes

257 534 303 571 E.
318 532 362 571 B.
379 532 529 583 Mayor.
560 533 683 571 Exod.
694 546 769 581 303
783 545 872 581 quos
886 534 971 570 solis
986 533 1161 582 lampada
1176 538 1295 570 lostat.
1327 534 1403 581 605
1420 545 1508 582 quos
1519 533 1655 570 lumine

258 600 359 637 lrz'no
378 598 599 636 Feruz'dz'ore
617 611 719 635 coma
734 598 898 636 torrebat
913 599 1088 647 lampada
1106 599 1202 635 solis.
1235 598 1311 636 Sed
1331 598 1405 636 hoc
1420 598 1656 636 uocabulum

259 664 439 714 quamuis
458 663 602 701 nullam
623 663 904 701 dubitationem
919 664 1082 701 mouerit
1102 663 1308 714 Rutgersio
1325 662 1416 701 Var.
1432 661 1540 701 Lect.
1553 662 1602 700 iii.
1619 676 1655 712 9,

260 729 444 767 Manilius
463 729 528 766 uix
552 728 702 766 uidetur
720 736 972 778 usurpaturus
993 727 1122 767 fuisse.

314 795 378 832 An
402 801 459 833 est
485 794 596 832 locus
616 801 719 831 totus
738 793 1002 844 interpolatus,
1025 807 1097 832 nec
1120 793 1247 832 solum
1267 793 1330 831 illa
1348 805 1449 844 quae
1469 800 1657 843 tanquam

260 861 389 911 spuria
409 859 630 910 proscripsit
650 859 845 897 Bentleius
867 869 956 908 350,
982 872 997 896 1
1022 873 1133 909 quam
1152 860 1315 897 Perseus
1333 861 1452 897 armis
1470 858 1606 909 Eripit
1626 862 1661 895 et

261 927 377 964 sociat
386 924 504 972 sibz'*‚
516 926 609 962 cui?
636 923 748 962 Certe
764 937 844 963 non
864 937 1000 975 parurn
1016 926 1241 964 turbationis
1260 925 1355 964 haec
1372 938 1461 976 pars
1477 924 1658 963 carminis

262 1002 423 1040 experta
442 998 509 1029 est.

319 1057 349 1095 I.
373 1057 557 1106 354-358
581 1056 633 1094 sic
653 1055 836 1094 exhibent
857 1055 1010 1094 codices

809 1121 1066 1172 Cepheusque
1095 1129 1132 1160 et
1161 1121 1362 1172 Cassiepia

696 1185 884 1237 (secuntur
906 1200 1102 1236 399—442‚
1122 1186 1215 1238 lum)

269 1263 345 1304 355
430 1252 477 1291 In
506 1264 653 1302 poenas
682 1253 832 1302 signata
860 1264 961 1299 suas,
991 1253 1173 1303 iuxtaque
1201 1253 1371 1291 relictam

427 1317 731 1363 Andromedam,
760 1325 890 1356 uastos
918 1326 1154 1356 metuentem
1184 1318 1303 1356 Piscis
1330 1317 1468 1364 hiatus,

427 1384 658 1433 Expositam
688 1390 810 1433 ponto
841 1383 956 1422 deflet
984 1384 1230 1434 scopulisque
1258 1384 1472 1421 reuinctam

428 1448 481 1486 Ni
513 1456 685 1487 ueterem
717 1448 878 1487 Perseus
909 1449 1018 1488 caelo
1047 1461 1204 1499 quoque
1232 1456 1359 1487 seruet
1387 1459 1571 1486 amorem.

268 1526 344 1564 354
366 1515 543 1565 Casiepia
566 1515 704 1553 Gembl.
760 1515 858 1552 Post
876 1526 954 1564 354
973 1520 1144 1552 secuntur
1163 1517 1203 1552 z’n
1223 1516 1322 1552 codd.
1345 1527 1543 1564 399—442.
1591 1512 1669 1551 Sed

267 1582 306 1617 z'n
335 1593 455 1630 marg.
482 1579 751 1618 Gemblacensz's
778 1594 912 1618 manus
940 1594 1008 1618 rec.
1028 1582 1106 1619 xvi
1131 1582 1190 1618 uel
1214 1581 1307 1618 xvii
1327 1593 1416 1618 saec.
1445 1580 1592 1617 addidit
1616 1578 1665 1616 In

267 1658 416 1696 poenas
439 1646 589 1695 signata
609 1658 707 1684 suas.
749 1648 826 1695 356
846 1646 953 1695 pistis
983 1646 1070 1684 Voss
1082 1644 1105 1684 ².
1145 1646 1272 1695 pristis
1292 1645 1414 1683 Benll.

1060 1710 1115 1741 uel
1132 1714 1244 1742 seruet.

270 1756 346 1803 358
377 1754 424 1791 In
449 1753 588 1792 Gembl.
609 1759 644 1791 el
663 1754 752 1792 Cus.
809 1753 861 1791 Ni
892 1754 1063 1792 Vos-siam·
1087 1755 1208 1792 feruet
1240 1753 1378 1793 Gembl.

324 1819 444 1857 Hune
463 1819 594 1857 locum
610 1831 748 1857 sanum
768 1832 851 1857 esse
871 1821 958 1869 quis
978 1819 1133 1858 credat?
1163 1820 1262 1858 Puto
1283 1819 1562 1870 interpolatoris
1581 1830 1665 1857 esse

272 1894 363 1934 357,
384 1891 534 1923 ceteros
555 1886 609 1922 sic
628 1886 754 1934 primo
776 1886 938 1934 scriptos

760 1949 1016 2001 Cepheusque
1045 1958 1082 1989 et
1111 1950 1310 2001 Cassiepia

432 2015 479 2052 In
508 2027 656 2064 poenas
685 2016 835 2065 signata
864 2028 964 2062 suas,
994 2017 1175 2065 iuxtaque
1204 2017 1336 2054 relicta

432 2080 695 2127 Andromede,
724 2087 857 2119 uastos
886 2087 1064 2119 metuens
1093 2082 1170 2119 iam
1199 2081 1320 2120 Piscis
1349 2082 1487 2128 hiatus,

437 2145 489 2182 Ni
518 2153 687 2183 ueterem
716 2146 878 2184 Perseus
907 2146 1014 2184 caelo
1043 2159 1199 2196 quoque
1228 2154 1353 2185 seruet
1378 2159 1562 2184 amorem.

327 2210 580 2249 Andromede
600 2216 758 2249 meluens
785 2213 860 2248 iam
887 2213 1024 2250 merito
1049 2212 1211 2250 dicenda
1237 2212 1317 2259 suit,
1339 2224 1438 2262 quae
1459 2213 1499 2249 in
1519 2224 1567 2249 eo
1587 2218 1667 2250 erat

272 2283 314 2314 ut
340 2288 363 2314 a
389 2276 498 2314 Pisce
522 2283 728 2323 uoraretur,
748 2276 822 2315 nisi
849 2277 1059 2316 adueniens
1084 2277 1246 2315 Perseus
1275 2277 1404 2326 gladio
1433 2289 1523 2314 eum
1552 2289 1668 2315 occu-

274 2348 413 2391 passet.
445 2341 646 2380 Contrario
667 2342 761 2380 uitio
782 2342 821 2380 in
838 2341 1035 2380 Ciceronis
1050 2343 1202 2381 Arateis
1220 2356 1234 2380 1
1245 2356 1292 2389 24
1309 2344 1478 2380 orientem
1494 2343 1531 2380 in
1548 2344 1668 2380 oriens

319 2469 336 2489 *
362 2471 584 2511 Hieronymus
609 2471 641 2502 in
673 2470 796 2502 Chron.
824 2471 940 2502 Euseb.
966 2471 1008 2502 ad
1041 2471 1173 2513 Olymp.
1205 2472 1276 2512 258.
1310 2480 1321 2502 1
1357 2472 1403 2512 (p.
1434 2471 1488 2502 181
1524 2470 1668 2511 Schone)

275 2514 430 2545 lVouatus
447 2515 617 2556 presbyter
643 2515 809 2555 Cypriam·
833 2515 970 2545 Romam
993 2516 1129 2546 ueniens
1153 2515 1387 2546 A'oualt'anum
1411 2520 1442 2546 et
1463 2519 1576 2546 (eleros
1596 2525 1667 2546 con-

263 2557 404 2596 fessores
418 2558 477 2589 sib
485 2559 500 2589 i
512 2558 647 2597 sociat,
664 2568 696 2590 co
713 2558 801 2600 quod
817 2558 991 2590 Cornelius
999 2559 1205 2600 paenitentes
1220 2562 1380 2600 apostatas
1397 2558 1570 2599 recepisset.
