1786 2878
239 171 263 212 3
272 169 294 198 2
656 164 723 196 ΝΟ
730 164 756 195 C
762 164 794 195 T
790 163 824 194 E
826 163 853 194 S
882 162 955 194 MA
962 162 1099 193 NILJA
1106 161 1173 192 ΝΑ
1180 160 1212 191 Ε

242 284 328 321 ‘the
360 283 548 332 certainty
579 281 624 320 of
652 280 818 319 nature's
853 279 1048 330 working,’
1081 291 1158 329 qua
1189 285 1334 316 certam
1365 287 1522 314 causam
1557 289 1636 315 non

241 350 368 386 minus
389 356 515 386 certus
535 355 696 385 euentus
717 347 897 397 sequitur.
954 358 990 383 u.
1017 358 1088 393 132
1112 344 1268 381 secunda
1290 354 1370 380 non
1391 350 1447 379 est
1466 343 1637 387 secanda,

241 423 282 453 ut
298 415 494 452 Bentleius
509 413 639 459 uoluit,
655 413 721 451 sed
737 413 914 461 sequenda
928 412 964 458 ³⁶,
982 411 1088 460 quod
1110 410 1235 459 Fayus
1256 407 1428 452 restituit,
1446 407 1639 444 sententia

242 480 472 530 postulante.
529 478 622 516 Non
651 478 712 516 hic
732 478 898 528 loquitur
919 476 1103 514 Manilius
1128 476 1175 513 de
1197 485 1302 512 noua
1331 473 1392 510 uia
1411 472 1639 521 inquirenda

243 546 525 590 astronomiae;
557 544 623 581 sed
658 544 772 582 docet
805 542 1081 581 astronomiam
1113 539 1349 591 sequendam
1385 550 1469 575 esse
1497 538 1639 587 quippe

244 624 343 661 quae
364 623 386 648 a
405 610 505 648 ueris
525 609 649 648 causis
670 609 786 646 ducta
805 608 921 646 fidem
943 608 1012 646 sibi
1032 607 1120 644 ideo
1146 605 1335 644 conciliet.
1393 602 1528 652 Itaque
1549 602 1641 640 scri-

245 676 415 714 bendum
438 682 518 713 erat

407 740 494 778 Rite
524 739 720 790 sequenda
748 739 811 777 uia
838 745 906 785 est,
937 751 959 775 a
987 737 1088 775 ueris
1117 735 1262 775 credita
1289 734 1426 773 causis.

300 806 352 844 II.
387 816 462 854 145
485 817 570 855 sqq.
601 806 655 843 sic
676 792 808 843 extant
828 805 866 841 in
889 802 1044 842 Gembl.

408 871 480 909 Illa
507 871 587 908 fluit
616 883 714 921 quae
745 871 896 908 diuitias
925 881 1023 919 quae
1054 868 1175 917 diligit
1203 879 1339 905 aurum

409 937 578 986 Imperia
607 944 643 974 et
673 936 797 974 fasces
826 935 1060 984 mollemque
1089 946 1156 984 per
1185 933 1263 971 otia
1293 933 1426 970 luxum

408 1002 459 1039 Et
486 1001 636 1040 blandis
665 1002 829 1039 aduersa
857 1001 964 1038 sonis
992 999 1225 1048 dulcemque
1255 1011 1324 1048 per
1353 1009 1464 1035 aures

410 1064 604 1102 Affectum
633 1071 675 1101 ut
703 1064 861 1102 modico
890 1062 1088 1100 noscenda
1117 1062 1168 1099 ad
1196 1060 1272 1098 fata
1302 1061 1444 1098 labore.

307 1132 380 1177 146
415 1129 563 1167 laurum
602 1130 775 1167 Vossianz'
803 1129 952 1166 laurum
991 1127 1038 1165 al.
1077 1126 1209 1164 luxum
1243 1139 1262 1163 0
1301 1137 1372 1174 147
1407 1125 1520 1172 solnis
1552 1125 1642 1164 Cus.

249 1198 384 1233 ‘aures
417 1208 467 1232 ex
499 1207 608 1233 auras
636 1207 733 1232 corr.
752 1202 818 1244 pr.
842 1207 888 1231 m.
912 1197 1095 1242 expuncto
1124 1204 1147 1230 a
1174 1196 1208 1229 et
1230 1199 1412 1241 superscr.
1442 1192 1486 1229 e.'
1547 1191 1587 1228 T
1579 1193 1642 1229 ho-

250 1262 391 1298 masz'us
411 1261 452 1297 de
476 1259 614 1298 Gembl.
637 1261 801 1310 referens
847 1262 959 1297 aures
982 1257 1072 1296 Cus.

293 1328 391 1377 fluit
408 1339 488 1364 non
508 1333 587 1363 tam
608 1325 890 1363 multitudinem
910 1324 1100 1373 exprimit,
1123 1334 1242 1373 quam
1261 1324 1488 1360 securitatem
1509 1323 1643 1360 turbae

251 1392 530 1430 astronomiam
561 1391 813 1440 neglegentis,
847 1390 896 1428 ad
922 1390 995 1427 alia
1023 1389 1153 1427 omnia
1181 1401 1221 1426 se
1255 1389 1525 1426 conuertentis.
1582 1388 1644 1425 Sic

251 1458 491 1496 Claudianus
513 1457 551 1494 in
573 1456 702 1494 Rufin.
723 1457 758 1494 ii.
782 1458 860 1503 428
881 1468 996 1493 uacuo
1016 1455 1120 1504 plebs
1148 1454 1256 1491 obuia
1285 1467 1391 1491 muro
1411 1453 1495 1490 Iam
1516 1465 1644 1490 secura

239 1524 336 1574 fluit
353 1523 417 1560 ubi
438 1522 623 1559 Heinsius
643 1522 843 1560 adnotauit
863 1525 872 1542 ‘
888 1524 928 1557 τὸ
935 1521 1058 1571 fluere
1078 1520 1201 1569 plebis
1229 1519 1471 1557 securitatem
1501 1519 1645 1568 optime

251 1587 451 1638 exprimit,'
491 1588 623 1625 ‘fieets
661 1600 715 1626 on
753 1583 1085 1635 unconcernedly.’
1142 1584 1232 1622 Alio
1263 1597 1378 1622 sensu
1415 1584 1562 1622 Seneca
1595 1583 1645 1620 ad

251 1654 385 1703 Polyb.
405 1666 440 1690 x.
464 1666 484 1702 3
513 1655 582 1690 cito
611 1654 705 1690 enim
735 1666 800 1690 nos
828 1653 944 1689 omnis
972 1651 1141 1700 uoluptas
1169 1650 1355 1699 relinquit,
1385 1663 1476 1699 quae
1492 1650 1589 1700 fluit
1614 1653 1648 1686 et

251 1720 392 1756 transit
408 1723 442 1755 et
445 1725 558 1767 paene
572 1723 655 1755 ante
669 1731 780 1767 quam
797 1718 922 1754 ueniat
934 1716 1136 1767 aufertur‚·
1166 1727 1388 1764 quanquam
1408 1715 1469 1753 hic
1490 1726 1644 1765 quoque

253 1784 393 1822 eodem
413 1783 607 1821 uocabulo
627 1783 743 1832 Angli
763 1783 904 1819 utimur
927 1785 935 1800 ‘
948 1781 1056 1819 fleets
1070 1779 1078 1792 ’
1100 1784 1108 1799 ‘
1126 1781 1157 1818 is
1177 1781 1355 1830 fleeting.'

308 1849 354 1886 In
391 1849 465 1895 146
499 1850 634 1886 luxum
670 1847 824 1886 Gembl.
853 1847 945 1885 Cus.
978 1846 1094 1896 Lips.,
1127 1846 1276 1883 laurum
1307 1845 1485 1883 Vossiani
1516 1845 1645 1890 ambo,

254 1915 385 1952 nescio
405 1927 454 1951 an
475 1914 524 1951 ad
544 1925 625 1951 rem
655 1914 790 1963 aptius,
813 1912 1040 1963 exquisitius
1069 1912 1225 1961 quidem
1251 1920 1369 1949 certe.
1425 1910 1488 1948 Ad
1510 1917 1646 1960 poetas

253 1980 376 2030 potuit
395 1979 536 2025 referri,
558 1979 623 2028 qui
643 1979 752 2017 lauro
773 1991 814 2016 se
834 1978 1100 2016 coronabant:
1131 1988 1256 2026 neque
1270 1976 1308 2014 id
1324 1982 1454 2013 tamen
1470 1987 1646 2014 necessa-

254 2047 322 2093 rio,
350 2058 438 2084 cum
468 2045 594 2083 lauros
623 2053 778 2094 propter
806 2056 986 2082 enormes
1015 2043 1173 2080 umbras
1194 2042 1306 2092 (Plin.
1328 2042 1380 2079 H.
1401 2040 1450 2078 N.
1471 2041 1555 2078 xxii.
1576 2041 1646 2089 88)

255 2114 293 2150 in
323 2120 431 2149 aestu
460 2111 703 2160 quiescentes
731 2118 980 2148 sectarentur.
1038 2108 1136 2146 Hor.
1167 2107 1212 2145 C.
1242 2108 1277 2145 ii.
1311 2117 1345 2155 7.
1369 2110 1415 2144 18
1445 2107 1647 2156 Longaque

239 2180 391 2228 sessum
421 2177 556 2214 militia
586 2177 684 2213 latus
712 2175 859 2226 Depone
887 2176 952 2213 sub
982 2177 1096 2213 lauru
1125 2187 1202 2211 mea
1231 2187 1292 2210 nec
1316 2173 1442 2210 Parce
1459 2173 1563 2210 cadis
1580 2172 1651 2209 tibi

254 2244 454 2281 destinatis.

308 2309 432 2346 Erunt
462 2314 591 2345 tamen
629 2307 694 2357 qui
725 2308 873 2344 laurum
908 2319 955 2345 ex
994 2306 1128 2343 ultimo
1162 2305 1282 2342 uerbo
1313 2317 1348 2341 u.
1383 2303 1647 2354 praecedentis

253 2386 389 2413 aurum
409 2373 448 2410 in
468 2373 683 2411 Vossianos
703 2372 897 2410 inuectum
917 2379 1060 2422 putent.

254 2560 284 2591 R
299 2517 317 2539 *
342 2516 419 2546 Hoc
431 2526 506 2546 cum
519 2525 604 2546 anno
620 2515 701 2557 1889
715 2515 761 2547 sic
775 2514 984 2556 scripsissem,
999 2518 1113 2556 postea
1126 2524 1154 2545 a.
1169 2513 1253 2554 1890
1267 2511 1334 2544 uidi
1351 2511 1437 2544 idem
1454 2509 1648 2543 intellexisse

287 2559 499 2601 ossbergium.
