1786 2878
266 154 345 192 242
640 149 709 181 AD
741 150 943 181 ARATEA
981 149 1270 181 GERMANICJ

423 254 648 304 Egocheros
677 255 748 292 alia
779 254 887 305 (alias
916 254 1100 305 Ez'nsz'ed.)
1132 255 1276 304 spargit
1306 260 1341 291 et
1372 253 1510 302 frigora
1540 251 1649 291 durat

261 338 406 387 optime
427 337 480 375 sic
501 337 667 374 correxit

422 410 670 459 Aegocheros
700 410 781 448 aliis
810 411 939 460 parcit,
971 411 1037 449 sed
1067 410 1208 460 frigora
1238 409 1345 448 durat

261 485 300 521 in
320 497 399 522 uno
424 491 551 522 tamen
571 483 755 533 deceptus
774 485 879 534 quod
900 487 997 521 alias
1024 497 1101 523 non
1130 484 1331 522 retinuerit.
1381 483 1493 520 Alias
1512 482 1573 520 hic
1592 489 1650 520 est

261 550 342 587 aliis
380 550 417 586 in
452 550 576 594 rebus,
609 549 859 596 ‘elsewhere,’
890 550 935 588 cf.
967 550 1062 587 Ptin.
1096 550 1148 587 H.
1179 549 1229 587 N.
1260 561 1345 586 xxv.
1383 561 1425 585 11
1461 548 1650 586 Homerus

260 616 400 664 quidem
418 644 425 652 .
448 645 455 652 .
479 644 485 651 .
508 615 642 651 multus
661 616 758 652 alias
778 616 817 652 in
837 617 1078 653 admiratione
1096 615 1240 660 Circae,
1259 616 1424 664 gloriam
1449 614 1648 651 herbarum

261 681 424 732 Aegypto
453 680 593 724 tribuit,
623 680 687 717 ubi
716 681 815 718 alias
843 688 899 719 est
928 682 1062 719 ceteris
1091 682 1129 718 in
1159 682 1283 726 rebus,
1312 688 1476 730 excepto
1509 692 1649 729 genere

260 746 475 793 herbarum,
498 752 537 782 ut
568 745 717 783 monuit
747 745 927 784 Handius
948 747 1151 785 Tursellin.
1176 747 1197 784 i.
1219 759 1254 796 p.
1279 759 1367 793 224.
1423 746 1473 783 Et
1494 745 1547 783 sic
1568 745 1648 794 ipse

262 811 519 849 Germanicus
537 811 611 857 642
629 815 738 860 capul
754 812 906 850 abditur
921 815 995 861 ipse
1015 812 1174 861 Regalis
1192 811 1355 861 Cepheus
1371 812 1469 849 alias
1488 812 1649 848 intactus

261 877 307 913 ab
325 878 445 915 undis.

314 943 362 980 iii.
383 942 552 993 Breysig,
574 944 619 980 iv.
640 943 811 981 B'ahrens

310 1026 345 1063 5,
368 1018 389 1053 6
421 1015 502 1054 Nec
533 1030 650 1066 pecus
680 1018 718 1053 in
748 1016 826 1054 fetu
855 1015 966 1061 fallet,
996 1028 1098 1053 noua
1127 1017 1238 1054 turba
1267 1024 1423 1066 repente

422 1081 571 1131 Mugiet
601 1095 621 1120 e
651 1081 818 1127 stabulis,
849 1082 923 1119 alto
953 1081 1092 1118 balabit
1122 1082 1223 1119 ouili.

261 1168 410 1206 Rursus
431 1169 610 1207 Grotium
631 1181 847 1218 conqueror
867 1175 1083 1217 grassatum
1110 1168 1285 1207 licentius
1304 1181 1392 1207 cum
1412 1169 1485 1206 allo
1505 1170 1544 1206 in
1564 1173 1647 1206 arlo

260 1235 488 1280 immutaret,
528 1247 618 1272 nam
658 1247 705 1272 ne
744 1234 822 1284 lupi
868 1234 982 1272 ouilia
1024 1234 1285 1280 transsilirent,
1325 1235 1399 1272 alte
1437 1235 1647 1273 munienda

259 1307 377 1338 erant.
435 1300 665 1338 Praescribit
693 1312 784 1337 sane
806 1299 1023 1337 Columella
1048 1299 1200 1337 tuendis
1226 1300 1364 1338 ouibus
1387 1300 1543 1337 humilia
1567 1300 1647 1338 fieri

259 1365 405 1402 stabula
443 1372 622 1414 oportere
656 1365 714 1402 vii.
751 1378 786 1413 3.
823 1367 869 1402 8:
919 1364 1020 1403 idem
1058 1372 1188 1402 tamen
1226 1365 1296 1403 l.c.
1333 1365 1439 1403 addit
1476 1365 1646 1403 chortem

259 1430 411 1467 sublimi
442 1431 606 1468 macerie
636 1429 952 1479 praeponendam
982 1442 1065 1467 esse
1094 1430 1308 1478 uestibu103
1349 1442 1555 1480 rursusque
1581 1430 1646 1468 ubi

260 1495 443 1544 praecipit
464 1495 511 1532 de
533 1495 690 1533 stabulis
719 1507 903 1544 pecorum
926 1507 1025 1544 quae
1051 1496 1150 1533 intra
1170 1496 1300 1533 uillam
1321 1507 1404 1534 esse
1431 1496 1646 1539 conueniat,

258 1560 352 1598 haec
383 1561 497 1598 edicit
529 1561 550 1597 i.
583 1563 617 1599 6.
651 1575 672 1607 4
707 1566 795 1598 sunl
822 1574 872 1598 ex
898 1565 1008 1609 parte
1039 1565 1128 1597 lecta
1159 1561 1248 1606 loca,
1278 1574 1328 1599 ex
1353 1566 1465 1610 parde
1493 1561 1558 1599 sub
1588 1562 1648 1598 dio

253 1626 456 1673 parielibus
503 1627 591 1663 allis
637 1627 916 1675 circumsaeth
957 1630 999 1662 ut
1040 1627 1117 1662 illic
1156 1633 1227 1675 per
1273 1627 1433 1673 hiemem,
1477 1627 1538 1664 hic
1575 1634 1647 1676 per

259 1695 425 1728 aestatem
458 1693 535 1728 sine
568 1693 740 1728 uz'olenlia
772 1692 957 1742 ‚serarum
995 1693 1258 1740 conqutescant.
1335 1691 1533 1730 Maximus
1569 1694 1647 1739 περὶ

258 1761 434 1803 καταρχῶν
455 1767 530 1804 514
554 1755 739 1794 Ludwich
760 1757 852 1792 ἀλλά
871 1757 916 1792 σύ
941 1773 998 1802 μοι
1021 1759 1172 1803 τῆμόσδε
1197 1760 1318 1800 βάλοις
1339 1759 1520 1805 περιμήκεα
1545 1759 1648 1803 σηκὸν

249 1820 417 1868 ’Ἃρνασιν
438 1821 486 1866 ἧδ’
508 1820 674 1869 ἐρίφοισι.

342 1907 390 1945 54
421 1898 630 1946 Temperat
660 1898 698 1934 in
728 1898 891 1947 geminis
922 1910 1090 1943 annum;
1140 1910 1211 1936 nec
1241 1898 1353 1936 crede
1382 1911 1530 1946 sereno,

421 1961 565 2000 Nubila
594 1974 665 2000 nec
695 1963 874 2000 diuturna
903 1970 1025 2012 putes,
1057 1975 1144 2001 curn
1177 1963 1299 2001 sidere
1329 1965 1457 2001 cancri

419 2027 580 2065 Fulserit
609 2028 777 2065 ardentis
806 2028 880 2066 hoc
909 2029 947 2065 in
978 2028 1086 2066 litore
1110 2036 1267 2066 certum.

261 2104 499 2142 Sententiam
521 2105 595 2143 loci
616 2106 808 2155 perspexit
829 2105 1087 2144 Baehrensius
1107 2118 1196 2144 cum
1216 2118 1251 2143 u.
1275 2108 1323 2154 56
1344 2106 1396 2144 sic
1416 2105 1544 2144 ederet

421 2181 582 2219 Fulserit
611 2182 778 2219 ardentis
808 2182 900 2219 nihil
929 2182 1003 2220 hoc
1034 2183 1072 2220 in
1103 2183 1250 2233 fulgore
1279 2190 1436 2221 certum.

260 2257 335 2295 Sed
359 2258 520 2307 fulgore
550 2256 752 2308 (fulgure)
780 2271 859 2297 non
889 2266 989 2297 recte
1018 2260 1222 2297 diuinauit:
1265 2272 1335 2297 nec
1365 2258 1488 2309 placet
1517 2261 1643 2305 st'a'ere,

259 2323 365 2371 quod
386 2323 554 2362 Grotius.
612 2324 789 2363 Fortasse
818 2326 941 2371 limile,
967 2325 1002 2362 h.
1015 2337 1048 2363 e.
1073 2326 1112 2362 in
1141 2325 1200 2362 his
1229 2325 1378 2371 finibus,
1403 2337 1490 2362 eum
1511 2325 1645 2363 Venus

259 2389 296 2424 in
319 2388 472 2427 Cancro
494 2396 560 2434 est,
584 2402 654 2428 nec
676 2390 768 2427 dum
791 2390 948 2428 ulterius
970 2398 1131 2440 euagata
1151 2398 1218 2429 est.

341 2467 385 2502 61
421 2464 535 2503 Nunc
565 2478 719 2516 quoque
750 2467 851 2505 nulla
881 2467 974 2504 fides
1004 2468 1152 2505 caelum
1184 2480 1272 2506 cum
1301 2468 1482 2517 scorpion
1511 2479 1598 2505 acer

422 2530 501 2568 Stat
533 2543 656 2581 super.
