1786 2878
243 139 322 192 178
653 145 847 178 NOCTES
876 144 1204 177 MANJLJANAE

298 256 375 292 280
403 253 453 291 Et
482 253 514 291 si
544 252 638 290 sorte
669 252 777 290 labor
807 252 897 289 iuris
927 251 1127 289 tardauerit
1156 257 1258 288 artes

403 318 503 365 Quis
531 319 613 355 sine
643 317 747 354 nulla
776 329 882 355 ceres
911 329 990 354 non
1020 317 1118 354 ullus
1148 315 1304 353 seminis
1333 326 1425 352 usus

405 383 578 421 Subdere
607 382 773 421 facturos
801 382 876 420 luci
905 381 1095 419 frumenta
1124 393 1314 431 superque

403 449 555 486 Ducere
585 448 799 498 pendentes
829 448 942 485 orbes
971 454 1010 484 et
1038 459 1212 495 mergere
1242 458 1360 484 sacra.

298 523 345 563 27
353 524 374 562 5
404 514 591 552 maiorem
616 512 729 550 Voss.2
749 513 883 551 maiori
910 512 1020 550 Voss-¹
1041 525 1070 550 0.
1130 514 1207 549 280
1237 512 1325 549 iuris
1348 511 1521 548 Voss-iam·
1536 510 1632 547 ruris

241 579 295 616 ob
323 577 534 615 tardaueris
566 574 680 614 Voss?
738 578 811 613 282
843 576 867 615 f.
895 576 969 614 luci
993 575 1080 613 Cus.
1107 573 1218 612 Voss.¹
1245 574 1411 612 facturos
1435 574 1488 610 liti
1519 571 1633 610 l‘’0ss.²

241 643 409 681 fracturo
439 642 532 680 silici
570 641 764 692 Wz'tlzofius
820 641 919 679 farra
948 642 1082 678 codices
1107 641 1285 690 plerique.
1353 646 1502 688 tergere
1533 638 1633 676 farra

240 708 452 754 Reinesius,
477 710 485 726 ‘
499 708 523 745 z'.
535 721 561 744 e.
574 714 748 756 purgare
765 708 932 745 excussis
945 708 1087 755 glumz's
1107 711 1141 743 et
1148 704 1293 755 palezs.⁷

297 772 456 822 Optime
496 773 665 811 Huetius
705 775 714 791 ‘
731 784 868 811 sensus
907 779 974 818 est,
1006 772 1110 821 quod
1145 772 1175 809 si
1215 783 1300 808 rure
1339 769 1513 808 laborare
1552 781 1632 807 non

240 844 433 888 poterunt,
455 837 504 875 ad
534 838 748 876 domestica
777 850 896 888 opera
920 836 1213 875 conuertentur.'
1271 836 1347 874 Sed
1368 836 1554 873 incertum
1575 847 1632 872 re-

240 903 349 953 liquit
382 904 595 941 tardauerit
623 903 821 941 dietumne
855 903 901 940 sit
932 915 1004 953 pro
1038 901 1255 948 cessauerit,
1291 914 1340 939 an
1374 913 1421 938 ex
1455 913 1503 938 eo
1534 905 1634 937 artes

241 968 420 1019 pendeat.
477 968 577 1006 Illud
604 969 780 1018 praetulit
806 968 1016 1018 Pingraeus
1038 970 1047 986 ‘
1063 968 1093 1005 si
1114 967 1191 1005 l'on
1215 979 1263 1004 ne
1292 974 1383 1016 peut
1404 964 1634 1015 s'appliquer

241 1046 317 1072 aux
334 1040 492 1072 travaux
509 1034 557 1072 de
577 1034 614 1072 la
633 1046 861 1084 campagne‚
878 1046 930 1072 on
946 1045 1125 1071 exercera
1145 1032 1213 1070 des
1234 1039 1320 1077 artS,
1334 1044 1422 1069 sans
1442 1028 1631 1081 lesquelsss

240 1103 309 1138 &c.
368 1100 414 1137 In
434 1112 513 1149 quo
541 1099 622 1138 iure
647 1099 770 1138 haesit
792 1099 1040 1145 Thomasius‚
1062 1111 1150 1136 cum
1176 1110 1246 1136 nec
1272 1098 1484 1134 tardauerz't
1502 1097 1551 1134 ab
1571 1109 1633 1134 ac-

241 1165 416 1204 cusatiuo
447 1177 518 1203 suo
548 1164 846 1214 disiungendum
875 1171 986 1211 esset,
1008 1176 1078 1202 nec
1100 1163 1247 1213 placeat
1266 1167 1364 1200 artes
1388 1162 1562 1212 pendens
1586 1174 1633 1199 ex

240 1232 361 1269 uerbo
386 1231 539 1280 longius
563 1237 713 1268 remoto
734 1230 944 1279 Ingenerat.
1003 1228 1096 1267 Non
1123 1234 1224 1266 recte
1251 1235 1389 1273 tamen,
1411 1240 1472 1265 me
1498 1227 1632 1272 iudice,

243 1295 480 1333 Thomasius
500 1295 720 1333 huiusmodi
744 1296 973 1333 sententiam
1001 1294 1153 1343 requirit
1173 1293 1240 1331 ‘Et
1261 1293 1291 1330 si
1311 1293 1406 1330 forte
1426 1300 1560 1330 natura
1579 1292 1634 1329 eis

241 1362 438 1411 negauerit
467 1361 567 1399 uires
597 1361 645 1398 ad
674 1373 773 1410 opus
803 1361 878 1398 ruri
907 1360 1136 1405 faciendum,
1164 1359 1396 1397 exercebunt
1425 1365 1524 1395 artes
1554 1358 1634 1395 sine

241 1426 406 1476 quibus,’
441 1431 509 1465 ἀς.
585 1425 691 1463 Nihil
735 1426 913 1476 equidem
956 1432 1036 1463 tam
1073 1436 1259 1474 magnum
1296 1436 1344 1461 ex
1383 1423 1476 1461 locis
1513 1423 1636 1460 ausim

242 1492 421 1542 colligere
448 1504 548 1542 quos
577 1491 814 1529 Thomasius
843 1491 964 1529 attulit
991 1491 1039 1528 V.
1069 1492 1145 1539 498
1175 1489 1233 1526 Et
1257 1490 1296 1526 si
1308 1490 1417 1539 forle
1445 1489 1545 1525 bonis
1573 1501 1635 1525 ac-

240 1559 389 1595 cesserit
410 1559 562 1606 impetus
587 1559 702 1603 ausz's,
725 1557 950 1607 Improbitas
967 1557 1040 1606 fiet
1064 1557 1198 1601 uirtus,
1218 1554 1267 1592 V.
1289 1557 1361 1602 651
1395 1554 1452 1591 Et
1477 1555 1515 1591 si
1528 1555 1637 1604 sorte

241 1624 390 1672 aliquas
418 1625 569 1659 animus
595 1627 790 1671 consurget
816 1624 855 1659 in
883 1627 993 1668 ortes,
1023 1621 1072 1658 In
1094 1624 1302 1670 praerupta
1331 1620 1435 1656 dabit
1462 1620 1635 1665 studium,

242 1688 290 1725 V.
316 1698 388 1737 471
414 1689 472 1725 At
497 1689 536 1725 sz‘
557 1690 641 1737 quis
668 1689 787 1725 studio
815 1688 1003 1725 scribendi
1027 1687 1153 1724 mitior
1181 1686 1256 1732 ibit,
1283 1685 1433 1723 Comica
1460 1689 1642 1734 componet

241 1755 348 1791 laetis
375 1755 578 1803 spectacula
607 1754 715 1799 ludis,
738 1753 786 1791 V.
815 1762 891 1801 447
913 1753 971 1790 At
995 1753 1034 1789 si
1056 1752 1220 1801 deficient
1246 1756 1355 1797 artes,
1375 1750 1572 1787 remanebit
1597 1752 1636 1787 in

241 1820 320 1856 illis
339 1818 526 1856 Alfateries
545 1823 665 1855 tamen
686 1822 784 1867 apta.
834 1817 939 1864 Quid
960 1817 1063 1855 enim
1083 1816 1185 1854 aliud
1205 1816 1347 1853 habent
1367 1815 1405 1852 hi
1426 1816 1520 1853 inter
1539 1827 1579 1852 se
1599 1821 1637 1852 et

242 1896 331 1922 cum
348 1883 396 1921 V.
416 1886 492 1921 280
517 1895 738 1930 commune,
752 1883 825 1920 nisi
841 1883 945 1932 quod
966 1882 1122 1920 eosdem
1143 1882 1362 1920 describunt
1382 1881 1513 1930 quales
1533 1880 1636 1926 fiant,

242 1950 274 1987 si
312 1961 537 1999 quanquam
576 1950 647 1986 sub
684 1961 764 1986 uno
798 1949 876 1986 nati
915 1948 1037 1985 sidere
1071 1948 1111 1985 in
1149 1948 1299 1985 diuersa
1331 1946 1530 1984 trahantur
1563 1958 1636 1996 pro

242 2015 382 2053 indolis
420 2014 481 2052 uel
515 2026 642 2051 rerum
676 2020 945 2063 temporumue
980 2013 1223 2050 discrimine?
1281 2011 1418 2061 Neque
1452 2011 1635 2049 emenda-

241 2081 387 2119 tionem
417 2079 614 2117 desidero:
656 2079 810 2116 uidetur
839 2079 943 2117 enim
974 2078 1160 2116 Manilius
1189 2077 1263 2115 hoc
1292 2077 1481 2115 uoluisse:
1522 2076 1637 2126 Spica

242 2157 405 2195 surgens
426 2147 618 2194 ingenerat
635 2156 814 2181 aruorum
834 2145 994 2181 studium
1015 2148 1049 2181 et
1064 2144 1201 2180 semina
1221 2143 1638 2191 credere—usuramque

241 2213 505 2260 sequi—atque
531 2210 664 2247 horrea
690 2223 861 2258 quaerere
878 2223 893 2248 .·
926 2214 961 2246 et
983 2210 1022 2246 si
1034 2210 1146 2259 forte
1170 2209 1276 2246 ruris
1300 2208 1404 2245 labor
1428 2208 1640 2244 tardauerit

242 2281 341 2313 artes
360 2276 436 2314 h.e.
458 2275 488 2313 si
509 2275 548 2312 in
569 2275 670 2324 agris
691 2274 910 2312 laborantes
934 2286 1016 2312 non
1035 2274 1257 2312 uacauerint
1278 2273 1326 2310 ad
1347 2272 1637 2322 prosequendas

242 2349 342 2379 artes
362 2342 444 2379 sine
466 2340 604 2390 quibus
631 2351 711 2376 non
738 2346 915 2388 poterunt
942 2339 1072 2389 granis
1098 2340 1152 2376 uti
1179 2339 1228 2376 ad
1255 2338 1382 2376 cibum
1406 2337 1634 2387 parandum,

243 2407 332 2445 dico
351 2407 500 2443 subdere
512 2406 694 2453 fracturo
717 2405 820 2441 silici
822 2405 1026 2455 frumenta
1045 2408 1080 2440 et
1095 2416 1254 2453 mergere
1265 2403 1408 2453 farra,
1426 2414 1524 2452 quae
1548 2408 1637 2440 sunt

242 2478 343 2509 artes
369 2471 539 2509 molendi
565 2477 602 2508 et
628 2482 729 2520 aqua
749 2469 959 2518 mergendi,
980 2469 1066 2520 (has
1089 2469 1203 2506 etiam
1226 2466 1452 2518 ingenerat).
1500 2466 1636 2513 Quan-

243 2549 372 2587 quam,
392 2543 433 2575 ut
460 2536 634 2575 ordinata
657 2540 747 2574 sunt
775 2535 904 2582 uerba,
926 2541 1106 2586 poterunt
1135 2532 1309 2571 infinitiui
1335 2533 1484 2571 subdere
1510 2533 1638 2570 ducere
