1786 2878
749 194 795 225 II
1415 194 1468 239 35

68 313 218 362 gemina
239 311 288 350 ad
307 312 420 362 dupla
441 310 550 350 facile
580 310 727 349 scribae
757 310 1090 349 accommodaturi
1114 310 1264 348 suerint.
1322 309 1471 347 Rursus

74 377 282 428 legendum
309 383 366 415 est
391 389 439 415 ex
463 376 739 414 Gemblacensi
762 376 802 414 in
837 379 910 425 176
935 378 1034 414 ratio
1061 377 1211 425 duplex,
1232 388 1312 413 non
1333 376 1474 424 duplex

75 445 173 481 ratio
186 443 471 481 Vossianorum
484 454 494 488 ς
516 454 607 480 nam
623 441 729 491 quod
748 441 865 492 quue
881 434 1022 491 duplex
1037 443 1135 479 ratio
1150 443 1246 491 cogit
1259 453 1385 478 uerum
1401 453 1473 477 esse

59 509 196 558 fateri
215 514 272 546 est
300 508 340 545 in
368 509 457 555 526,
478 507 554 545 hoc
577 514 701 545 metro
727 514 890 557 cogente
919 507 972 545 fit.
1031 507 1107 545 Sed
1134 514 1170 544 et
1197 505 1388 544 sententia
1419 505 1472 542 sic

75 574 212 611 melius
243 573 422 619 effertur;
452 585 544 610 nam
579 584 668 611 cum
698 571 845 611 Iacobo
876 572 1228 622 interpungendum
1258 570 1339 608 Nec
1351 571 1473 621 facie,

76 640 173 677 ratio
201 639 352 688 duplex,
386 651 475 676 nam
505 638 638 676 desinit
663 641 794 685 aestas,
826 637 969 687 Incipit
994 642 1208 682 autumnus,
1238 637 1275 674 h.
1296 649 1329 675 e.
1350 636 1475 685 Virgo

76 705 176 742 inter
194 704 372 754 geminae
392 703 536 753 figurae
557 702 681 741 sidera
701 710 934 749 numeratur,
948 715 1074 753 neque
1089 704 1127 741 id
1144 710 1275 740 tamen
1289 715 1336 740 ex
1357 701 1450 739 facie
1464 713 1474 747 ;

78 782 193 808 causa
221 769 376 819 duplex,
406 769 513 818 quod
542 775 578 807 et
608 769 763 806 aestatis
793 768 880 807 finis
909 776 946 806 et
975 769 1149 806 autumni
1178 768 1328 805 initium
1354 773 1411 805 est
1435 767 1476 803 in

78 835 250 885 Virgine.
307 835 355 872 In
379 846 456 884 quo
476 846 622 872 errasse
647 833 740 871 mihi
760 833 956 872 Bentleius
982 834 1144 881 uidetur,
1167 833 1276 884 quasi
1296 845 1383 871 cum
1405 831 1475 870 du-

77 901 220 952 plicem
249 899 414 938 formam
445 906 560 949 poeta
589 899 738 949 Virgini
772 900 941 937 tribuerit
976 901 1066 945 662,
1099 912 1180 937 non
1214 899 1381 948 potuerit
1414 897 1476 935 hic

79 967 207 1004 dicere
226 964 307 1004 Nec
310 965 428 1016 fhcie.
473 965 563 1003 Hoc
584 972 641 1003 est
655 965 782 1002 uerbis
803 966 915 1002 nimis
931 966 1103 1003 insistere
1119 978 1127 1002 :
1160 977 1249 1002 curn
1266 963 1358 1001 nihil
1375 962 1477 1000 aliud

78 1031 141 1070 hic
167 1030 352 1069 Manilius
381 1030 546 1069 uoluerit
575 1030 648 1068 nisi
675 1030 876 1080 Virginem
905 1031 1002 1069 inter
1031 1031 1123 1068 bina
1152 1038 1254 1068 astra
1284 1028 1478 1066 numerari

80 1109 161 1135 non
195 1103 274 1135 tam
308 1109 355 1134 ex
389 1095 485 1134 facie
514 1108 633 1145 quam
667 1109 715 1134 ex
753 1096 893 1146 duplici
927 1103 1100 1146 tempore
1133 1096 1194 1134 cui
1229 1101 1380 1145 praeest
1414 1106 1477 1131 ae-

80 1162 188 1201 statis
214 1168 251 1200 et
280 1161 466 1200 autumni.
541 1161 720 1213 Denique
749 1174 796 1199 ne
826 1167 1018 1211 utrumque
1046 1161 1202 1211 quidem
1233 1159 1477 1199 abiciendum

81 1234 198 1279 puto:
227 1227 339 1265 simili
355 1234 543 1265 structura
562 1227 657 1265 dixit
673 1235 787 1277 poeta
806 1227 987 1265 Dirarum
1009 1229 1058 1276 96
1081 1227 1171 1266 Siue
1189 1228 1274 1272 eris,
1290 1231 1323 1264 el
1340 1227 1378 1263 si
1392 1237 1475 1272 non,

82 1306 215 1331 mecum
237 1294 417 1339 morieris,
437 1297 643 1342 utrumque,
656 1293 718 1331 uel
738 1300 778 1330 ut
798 1293 961 1332 fortasse
981 1293 1232 1343 corrigendus
1252 1299 1309 1330 est
1329 1302 1478 1336 uersus,

82 1358 173 1397 Siue
190 1359 275 1404 eris,
294 1362 329 1396 el
344 1359 384 1395 si
398 1371 469 1395 non
490 1371 567 1395 mea
587 1360 835 1404 conmorierzk,
857 1363 1060 1408 utrumque.

139 1423 276 1462 Restat
305 1432 377 1471 172
400 1430 500 1472 pars
527 1424 614 1460 huic
643 1425 731 1470 oris,
761 1425 825 1461 sed
850 1426 953 1461 nulla
974 1426 1134 1473 prioris.
1192 1424 1239 1461 In
1269 1423 1328 1460 his
1348 1422 1484 1472 priori

83 1501 219 1528 uerum
245 1489 405 1534 uidetur,
427 1501 478 1526 sc.
502 1489 765 1539 Capricorno:
796 1491 871 1527 oris
892 1502 942 1528 sc.
965 1490 1123 1528 humani
1150 1489 1303 1527 defendi
1327 1493 1479 1538 poterat

84 1567 133 1592 ex
159 1557 245 1603 189,
272 1567 347 1603 190
367 1553 508 1593 Mitior
526 1559 725 1592 aulumnus
751 1556 869 1592 mollis
891 1556 968 1594 sibi
992 1557 1160 1593 uindicat
1177 1560 1294 1600 artus,
1315 1553 1479 1591 filateri-

84 1633 213 1669 amque
237 1621 326 1666 oris,
334 1620 432 1670 fira
452 1625 552 1669 tergo
572 1622 732 1658 membra
752 1622 927 1670 rigentem
950 1621 1169 1671 Exczpiunl
1185 1623 1342 1659 hiemem.
1404 1618 1480 1656 Sed

85 1686 216 1723 durior
235 1692 293 1723 est
311 1686 506 1733 παρῆχησις
526 1688 802 1736 ονιζς-ρνιὸνί,·
833 1696 869 1725 et
889 1688 1048 1726 hominis
1070 1689 1145 1725 iam
1166 1688 1204 1724 in
1226 1687 1284 1725 ed.
1299 1686 1480 1724 Romana

86 1751 176 1789 anni
199 1761 302 1799 1510
323 1751 462 1789 inueni.

140 1816 192 1854 II.
218 1818 290 1854 182
315 1817 369 1854 sic
389 1816 545 1857 tradunt
565 1818 720 1857 codices

250 1881 299 1919 Et
328 1883 493 1932 geminis
523 1883 616 1921 alter
645 1884 822 1923 florentia
852 1892 1026 1935 tempora
1056 1886 1155 1923 uires

251 1947 408 1986 Sufficit.

143 2012 312 2062 Repono
330 2012 404 2052 Ex
418 2015 588 2062 geminam
612 2027 694 2053 non
714 2015 759 2052 E
768 2017 930 2065 geminis
943 2031 957 2055 .·
989 2017 1088 2054 uires
1118 2017 1155 2054 in
1176 2017 1276 2053 ueris
1297 2016 1373 2053 iam
1401 2026 1482 2052 cor-

87 2085 237 2116 rectum
256 2078 296 2115 in
315 2079 346 2116 b.

143 2143 195 2181 II.
220 2145 404 2190 184-186
426 2144 478 2182 sic
500 2146 655 2183 tradunt
677 2147 830 2185 codices

252 2208 393 2247 Nudus
421 2217 580 2262 uterque
610 2219 752 2258 tamen,
784 2214 897 2252 sentit
926 2214 1016 2264 quia
1044 2222 1206 2265 uterque
1235 2214 1415 2260 calorem,

252 2274 321 2311 Ille
351 2277 588 2315 senescentis
617 2278 727 2323 ueris,
757 2279 956 2317 subeuntis
977 2288 1014 2318 et
1037 2280 1097 2317 ille

253 2339 452 2378 Aestatis:
482 2354 572 2391 pars
602 2350 659 2380 est
687 2344 833 2392 primae
864 2357 947 2382 sors
977 2345 1108 2383 ultima
1137 2346 1245 2395 parti.

145 2416 214 2453 par
235 2412 293 2443 est
313 2418 332 2442 0
352 2410 386 2442 et
401 2407 453 2444 ed.
478 2406 727 2457 ,rwapolz'tana
748 2410 839 2446 sorti
860 2410 1059 2449 Bentlez'us.

148 2468 241 2508 Non
269 2470 382 2510 uideo
412 2484 479 2509 cur
498 2475 614 2522 parli
642 2474 809 2523 deneges
841 2475 1012 2521 Manilio,
1041 2479 1138 2513 εον-η’
1164 2477 1290 2527 potius
1320 2476 1485 2514 scribas:

93 2534 186 2571 nihil
209 2535 366 2574 interest
392 2545 519 2575 utrum
543 2539 687 2588 eligas;
717 2541 908 2578 uocabula
937 2542 1110 2587 uariauit,
1136 2555 1214 2579 non
1244 2554 1335 2579 rem.
1395 2541 1489 2579 Sors

94 2599 225 2636 ultima
256 2604 492 2640 senescentis
519 2604 618 2642 ueris
645 2617 712 2653 par
739 2612 795 2642 est
804 2607 954 2654 primae
965 2608 1077 2655 parti
1100 2608 1297 2644 subeuntis
1325 2608 1475 2645 aestatis

758 2683 780 2708 D
805 2684 822 2707 2
