1786 2878
238 150 256 179 1
268 136 318 177 88
650 145 847 177 NOCTES
875 144 1206 176 MANJLJANAE

236 263 316 289 non
355 251 498 289 habent
537 249 753 297 columbae,
791 250 968 288 consulto
1006 249 1165 289 fortasse
1207 249 1358 299 illigatis
1402 257 1443 287 ut
1480 250 1628 300 experi-

235 323 408 353 mentum
430 316 494 353 fiat
515 316 714 366 possintne
740 316 901 354 domum
928 316 1077 354 reuerti.
1133 315 1198 352 An
1217 315 1376 354 reddere
1396 317 1548 366 saepto?
1576 328 1629 354 sc.

236 388 276 418 ut
297 382 528 430 saginentur.

291 446 338 484 V.
362 449 548 495 395-398
571 447 622 484 sic
643 446 768 484 traditi
789 453 878 484 sunt
898 447 935 483 in
957 446 1111 484 Gembl.

399 513 451 549 At
481 524 569 550 cum
601 525 641 551 se
670 513 796 562 patrio
826 513 1015 561 producet
1046 513 1084 549 in
1114 524 1280 561 aequore
1309 512 1425 562 piscis

398 577 445 614 In
474 578 701 628 caelumque
730 578 856 615 ferens
886 578 1017 616 alienis
1047 578 1186 615 finibus
1216 579 1284 615 ibit

399 643 584 693 Quisquis
613 650 669 681 est
699 643 763 681 tali
792 644 950 693 capiens
979 645 1051 681 sub
1081 651 1255 693 ternpore
1283 644 1403 681 uitam

399 708 592 746 Litoribus
622 710 791 759 ripisque
821 721 912 747 suos
941 708 1179 747 circumferet
1208 721 1344 747 annos.

291 783 364 821 397
390 773 574 824 Quisquis
595 775 627 812 is
647 782 704 812 est
735 774 845 812 Voss.1
867 775 965 821 Quis
984 775 1053 812 erit
1073 788 1091 811 ο
1112 774 1299 824 Quisquis
1319 774 1388 812 erit
1403 775 1423 812 b
1444 775 1564 823 uulgo.

289 839 402 877 Falso
440 839 604 877 editores
638 853 685 877 ex
720 840 968 878 deterioribus
1006 840 1118 877 codd.
1153 842 1224 876 erit
1261 840 1476 877 intulerunt.
1535 839 1627 876 Non

234 911 375 942 temere
397 904 550 942 Gembl.
571 909 631 951 est,
653 904 782 943 Voss.¹
803 907 835 942 z's
853 910 905 942 est
922 906 1119 954 praebent.
1181 905 1356 954 Quisquis
1376 907 1408 942 z's
1430 910 1483 942 est
1506 904 1567 942 uel
1593 918 1629 942 es

233 970 350 1008 dictio
379 982 459 1007 non
489 970 721 1020 infrequens.
779 971 870 1008 Tib.
891 971 926 1008 ii.
951 983 985 1007 2.
1010 982 1058 1019 35
1080 971 1137 1007 At
1162 975 1212 1016 lu,
1242 972 1409 1020 quisquis
1436 972 1468 1007 is
1497 984 1541 1016 es,
1567 971 1634 1006 cuz'

232 1037 473 1085 trzstzfronle
495 1035 640 1084 Cupido
660 1036 837 1085 Imperat.
887 1036 1001 1074 Ouid.
1019 1035 1135 1072 Trist.
1157 1036 1205 1072 iii.
1230 1048 1287 1073 11.
1310 1038 1358 1084 56
1381 1036 1450 1072 Ad
1465 1041 1506 1081 le,
1527 1037 1627 1084 quis-

232 1102 315 1150 quis
335 1102 366 1137 is
385 1114 430 1146 es,
456 1106 583 1138 nostra
604 1103 762 1150 querella
782 1103 888 1139 redit.
939 1103 996 1139 Ib.
1018 1115 1040 1150 9
1067 1102 1242 1150 Quzlvquz's
1261 1103 1293 1138 is
1313 1106 1373 1147 est,
1394 1114 1479 1138 nam
1501 1114 1626 1137 nomen

232 1167 353 1203 adhuc
373 1171 559 1216 utcumque
577 1168 704 1205 tacebo.
747 1167 894 1206 Addito
915 1168 968 1205 sic
990 1168 1218 1217 pronomine
1239 1168 1454 1216 expressius
1481 1167 1626 1215 signifi-

232 1240 338 1270 catur
357 1233 439 1269 eius
459 1244 625 1281 persona
646 1232 693 1270 de
721 1244 798 1282 quo
827 1245 955 1270 sermo
982 1240 1050 1270 est.
1107 1233 1158 1269 Et
1184 1233 1221 1269 in
1244 1232 1444 1270 Ouidianis
1470 1232 1627 1282 quidem

233 1294 326 1332 locis
364 1300 489 1332 certus
518 1295 675 1343 quidam
705 1296 856 1332 uidetur
886 1295 1046 1344 respici:
1086 1295 1126 1332 in
1156 1294 1378 1332 Tibulliano
1413 1307 1492 1332 non
1522 1295 1625 1339 item,

232 1372 356 1408 neque
379 1373 469 1398 uero
489 1360 528 1396 in
550 1359 767 1397 Maniliano
789 1364 797 1378 ‘
812 1360 987 1398 whoever
1017 1360 1080 1398 the
1111 1360 1307 1411 supposed
1338 1372 1429 1398 man
1459 1360 1503 1407 is,
1526 1360 1627 1397 born

232 1424 312 1462 into
333 1425 392 1462 life
413 1432 451 1462 at
472 1425 564 1463 such
585 1438 607 1462 a
627 1424 741 1463 time.'

286 1489 334 1528 V.
359 1503 432 1537 402
457 1503 540 1541 sqq.
563 1491 615 1528 sic
637 1491 767 1540 scripti
787 1499 875 1529 sunt
897 1491 935 1528 in
955 1490 1110 1529 Gembl.

394 1555 564 1602 Questus
594 1556 796 1606 naufragio
826 1557 964 1606 petitur
992 1568 1209 1606 corpusque
1238 1556 1431 1606 profundo

395 1621 618 1659 Immissum
648 1623 788 1671 pariter
816 1635 935 1672 quarn
963 1622 1106 1671 praeda
1136 1623 1338 1672 exequitur
1366 1623 1460 1672 ipsa.

287 1699 362 1735 403
386 1688 598 1738 exquiritur
608 1690 776 1737 plez-sque
795 1689 996 1738 exequitur
1015 1690 1120 1726 elzizm
1143 1702 1173 1726 0.

288 1752 477 1802 Loquitur
512 1754 559 1791 de
594 1755 841 1792 uenatoribus
880 1755 1045 1805 piscium
1079 1761 1116 1792 et
1150 1754 1398 1799 concharum,
1432 1753 1496 1803 qui
1531 1753 1624 1790 dum

231 1819 454 1866 margaritas
478 1819 516 1855 in
543 1819 738 1868 profundo
766 1827 966 1869 quaerunt,
987 1820 1058 1869 ipsi
1088 1832 1202 1869 saepe
1229 1820 1475 1868 perimuntur.
1531 1818 1624 1856 Ex-

231 1885 396 1932 quirilur
425 1884 633 1933 Pingraeus
664 1885 717 1922 sic
748 1886 1012 1934 interpretatus
1042 1892 1110 1930 est,
1143 1884 1420 1934 ‘Quelquefois
1450 1897 1541 1922 avec
1572 1885 1624 1922 les

232 1949 356 1998 perles
377 1962 429 1987 on
449 1950 560 1987 retire
581 1950 614 1987 le
641 1962 758 2000 corps
782 1951 828 1988 de
856 1950 953 1988 celui
981 1951 1044 2000 qui
1072 1963 1094 1988 a
1120 1951 1199 1999 peri
1229 1951 1323 1988 dans
1353 1958 1450 1988 cette
1480 1948 1623 1999 peche]

233 2015 442 2053 Creechius
482 2016 536 2053 sic
575 2016 684 2053 uertit
714 2016 798 2053 ‘All
837 2016 933 2053 shall
966 2017 1014 2053 be
1047 2015 1176 2054 dar'd:
1221 2016 1297 2053 and
1332 2015 1422 2064 they
1451 2016 1624 2053 immerst

233 2081 327 2117 shall
361 2093 452 2118 rove
483 2080 604 2119 Thro'
636 2081 797 2131 Depths‚
827 2081 1028 2131 despair’d,
1060 2081 1138 2119 and
1168 2082 1241 2119 lost
1271 2088 1310 2119 to
1340 2080 1448 2118 those
1478 2079 1624 2118 above?
1684 2087 1686 2094 '

234 2146 310 2184 Sed
339 2146 440 2184 unde
469 2146 623 2184 Gembl.
645 2149 873 2195 exequz'lur?
930 2147 1028 2185 Puto
1058 2147 1159 2184 aliud
1190 2147 1283 2196 quid
1314 2147 1440 2193 latere,
1463 2145 1622 2185 fortasse

231 2213 483 2255 struem-ilum·
513 2224 604 2249 narn
635 2213 776 2250 retibus
807 2225 1087 2262 nonnunquam
1115 2212 1408 2250 includebantur
1437 2211 1622 2250 conchae.

231 2278 328 2315 Plin.
352 2277 403 2314 H.
426 2276 474 2314 N.
498 2278 549 2315 ix.
575 2290 643 2314 111
676 2278 745 2314 has
774 2279 1005 2315 urinantium
1035 2291 1128 2314 cura
1149 2279 1237 2326 pell,
1269 2278 1344 2314 z'llz's
1372 2279 1487 2325 captis
1510 2278 1625 2321 facile

231 2345 364 2376 celeras
383 2341 548 2388 palantis
569 2340 704 2377 retibus
724 2341 874 2379 includi.
922 2341 984 2378 An
1005 2342 1186 2389 exuge'lur
1205 2339 1464 2391 (ι’χεηὸσίίιιν).Ρ
1519 2339 1623 2377 Nam

231 2405 389 2443 conchis
424 2405 624 2443 abstractis
659 2406 754 2442 mari
786 2418 898 2444 umor
926 2412 963 2444 et
994 2418 1110 2443 sucus
1139 2417 1218 2455 quo
1248 2406 1384 2442 uiuunt
1413 2406 1622 2455 abripitur:

232 2471 425 2518 urinatori,
447 2471 476 2508 si
499 2471 608 2520 aquis
634 2471 843 2508 exstinctus
864 2478 931 2518 est,
953 2471 1249 2521 exsanguinatur
1278 2482 1417 2520 corpus
1447 2478 1483 2509 et
1512 2471 1622 2521 quasi

234 2537 441 2585 exsugitur.
498 2536 662 2587 (Vitruv.
683 2536 743 2573 viii
766 2535 907 2586 Praef.)
