1786 2878
791 150 837 181 Η
1455 152 1505 195 27

721 388 820 427 LIB.
849 388 898 428 ΙΙ.

168 506 219 545 II.
242 508 318 555 6-9
350 506 403 545 sic
423 511 554 544 extant
574 505 612 542 in
633 504 785 543 Gembl,

275 572 496 622 Vltimaque
525 572 564 608 in
592 571 713 621 patria
741 571 861 621 captis
887 571 1090 621 penatibus
1120 584 1226 610 arma

276 637 354 676 Ore
384 649 495 675 sacro
525 637 661 675 cecinit
691 637 815 686 patria
844 649 941 687 quae
971 638 1050 675 iura
1078 644 1274 687 petentem

275 702 382 740 Dum
411 703 526 740 dabat
556 702 693 752 eripuit
723 702 907 752 cuiusque
937 715 985 741 ex
1014 715 1080 741 ore
1109 703 1284 753 profusas

275 767 415 807 Omnis
444 768 644 818 posteritas
673 768 802 805 lances
831 768 870 805 in
899 769 1071 806 carmina
1100 769 1206 807 dixit.

169 834 191 870 6
212 833 409 883 captisque
421 835 600 883 plerique.
661 843 680 882 7
699 834 820 882 patria
842 846 940 883 quae
961 834 1041 871 iura
1059 841 1255 883 petentem
1279 834 1368 872 Cus.
1396 834 1505 873 Voss.¹

111 900 211 936 etsie
233 899 347 937 Voss.²
361 901 546 948 nz'sz'quod
555 899 662 936 habet
672 900 872 948 patriaque
919 900 1040 949 patria
1056 906 1169 949 atque
1186 899 1306 950 (atqui
1319 900 1507 950 Regiom.)

112 964 194 1002 iura
214 971 409 1014 petentem
429 978 448 1002 ο
467 970 500 1002 et
516 965 568 1002 ed.
584 964 755 1015 Regz‘om.
777 965 922 1014 patriae
945 977 1059 1015 quem
1080 965 1103 1002 i.
1124 972 1318 1015 petentem
1340 965 1360 1002 b
1411 967 1507 1016 sor-

111 1034 207 1067 tasse
235 1030 357 1079 patria
386 1031 436 1068 ab
462 1042 541 1080 quo
570 1030 652 1067 iura
681 1036 845 1079 petente.
904 1032 926 1067 8
949 1030 1128 1080 profusos
1159 1030 1334 1069 Vossz'anz'
1348 1030 1506 1080 profuso

111 1094 132 1131 b
152 1108 182 1133 0.
241 1108 263 1143 9
284 1095 414 1133 latices
432 1096 603 1145 Regz'om.
647 1095 754 1133 duxit
784 1096 962 1141 Vosszkznz}
984 1096 1004 1133 b
1024 1109 1053 1134 0.

165 1172 202 1198 u.
226 1170 245 1209 7
268 1160 492 1199 Gronouius
512 1167 549 1199 et
576 1174 698 1211 nuper
722 1160 916 1199 Breiterus
941 1162 994 1199 sic
1015 1161 1266 1199 emendarunt
1276 1162 1429 1211 patriae
1448 1162 1512 1199 cui

110 1226 200 1263 iura
211 1228 356 1275 pelenti,
379 1227 428 1264 ad
449 1227 668 1265 Homerum
689 1227 904 1273 referentes,
925 1227 983 1264 cui
1010 1239 1100 1265 cum
1119 1228 1282 1277 patriam
1308 1235 1507 1277 quaereret

111 1303 134 1329 a
157 1304 233 1341 qua
252 1292 334 1330 iura
354 1293 517 1330 ciuitatis
536 1293 728 1342 acciperet
747 1293 949 1342 posteritas
970 1305 1016 1330 ea
1036 1293 1117 1330 iura
1137 1300 1174 1331 et
1195 1292 1298 1330 dedit
1318 1300 1354 1330 et
1375 1292 1506 1329 dando

111 1357 271 1406 eripuit;
302 1365 449 1407 septem
480 1359 582 1396 enim
612 1358 726 1395 urbes
755 1358 991 1407 assignando
1016 1358 1159 1395 nullam
1190 1359 1223 1395 ei
1255 1365 1398 1395 certam
1419 1358 1503 1394 reli-

110 1423 203 1472 quit,
233 1430 274 1460 ut
303 1424 429 1460 uerbis
458 1430 544 1460 utar
573 1423 760 1460 Bentleii:
791 1423 837 1461 cf.
868 1423 949 1460 Cic.
981 1423 1097 1461 Arch.
1127 1424 1197 1460 viii.
1224 1436 1269 1472 19
1299 1423 1505 1459 Homerum

114 1487 336 1537 Colophonii
350 1490 464 1525 ciuem
484 1502 557 1526 esse
576 1490 706 1526 dicunt
723 1502 842 1534 suum,
868 1488 902 1526 C
903 1489 961 1525 lzz'c'
981 1501 1086 1525 suum
1112 1489 1315 1534 uindicant,
1337 1487 1504 1525 Salami-

110 1555 170 1590 niz·
199 1559 371 1603 repetunt,
408 1553 611 1603 Smyrnaei
634 1567 720 1592 uero
748 1567 855 1591 suum
884 1567 957 1591 esse
985 1554 1217 1604 confirmant,
1250 1556 1369 1602 itaque
1396 1555 1505 1591 ellam

110 1619 300 1656 delubrum
339 1621 416 1657 eius
454 1622 494 1657 in
532 1621 657 1669 oppido
687 1621 950 1656 dedz'caurrunl
963 1633 975 1657 .·
1006 1621 1189 1668 permullz'
1216 1621 1290 1656 alz'z·
1311 1623 1505 1668 praelerea

101 1690 280 1735 pugnant
305 1687 400 1722 z‘nler
429 1699 465 1723 se
494 1691 600 1735 alque
631 1687 861 1723 contendunt.
909 1685 997 1735 Ego
1028 1685 1067 1722 in
1086 1690 1261 1734 petentem
1295 1685 1505 1722 ablatiuum

110 1750 235 1800 potius
254 1755 403 1801 petente,
424 1752 462 1788 in
490 1756 596 1801 alque
622 1752 700 1788 siue
724 1753 832 1800 atque·
851 1751 956 1801 quod
982 1750 1125 1788 habent
1146 1764 1165 1787 ο
1185 1758 1221 1788 et
1246 1750 1306 1788 ed.
1328 1749 1504 1799 Regiom.

110 1816 156 1853 ab
184 1829 254 1865 quo
281 1816 397 1855 latere
426 1818 616 1863 existimo,
637 1818 773 1866 patria
803 1817 848 1853 ab
877 1829 945 1865 quo
974 1817 1061 1853 iura
1082 1820 1220 1865 petente
1248 1815 1352 1853 Dum
1383 1816 1504 1861 dabat,

109 1883 257 1931 eripuit,
279 1882 316 1920 h.
337 1895 371 1920 e.
394 1884 445 1920 ab
474 1895 554 1933 quo
583 1883 705 1933 patria
734 1895 823 1920 cum
853 1882 934 1919 iura
964 1882 1021 1919 sui
1051 1882 1130 1919 siue
1160 1882 1319 1919 ciuitatis
1348 1888 1504 1931 peteret,

110 1960 167 1994 ea,
189 1960 279 1986 cum
299 1948 416 1994 daret,
438 1949 584 1999 eripuit.
627 1948 770 1986 Durius
790 1950 893 1985 enim
914 1948 963 1985 ad
982 1949 1118 1996 eripuit
1134 1947 1292 1984 refertur
1308 1954 1504 1996 tamquam

110 2014 372 2052 nominatiuus
391 2014 431 2052 id
455 2014 559 2065 quod
582 2014 621 2051 in
646 2021 828 2063 sequente
854 2019 1003 2050 tantum
1028 2013 1217 2050 sententia
1236 2012 1365 2050 locum
1392 2023 1503 2049 suum

109 2078 224 2116 habet
234 2081 461 2128 posteruas;
482 2092 505 2117 a
525 2092 605 2130 quo
625 2079 781 2117 distrahi
802 2085 878 2116 arte
900 2078 1112 2116 cohaerens
1132 2078 1367 2116 uocabulum
1388 2077 1504 2114 omnis

110 2156 190 2182 non
211 2145 352 2183 debuit.

165 2209 216 2247 11.
238 2223 368 2259 39-43
400 2211 454 2248 sic
475 2217 605 2248 extant
625 2210 664 2247 in
685 2209 838 2248 Gembl.

272 2276 495 2322 Quinetiam
524 2287 708 2326 pecorum
737 2276 829 2312 ritus
859 2281 895 2312 et
924 2274 1030 2312 Pana
1061 2281 1262 2312 sonantem

167 2354 216 2388 40
275 2342 321 2379 In
350 2342 523 2380 calamos
554 2341 682 2379 Sicula
710 2347 902 2378 memorat
930 2340 1061 2378 tellure
1091 2340 1226 2377 creatis

273 2407 356 2445 Nec
388 2407 492 2445 siluis
522 2407 690 2445 siluestre
721 2406 834 2451 canit,
864 2418 1006 2455 perque
1037 2405 1192 2442 horrida
1221 2411 1346 2441 motus

273 2472 379 2510 Rura
409 2473 498 2511 serit
527 2472 649 2511 dulcis
670 2484 896 2521 musamque
927 2471 1071 2509 inducit
1101 2471 1139 2507 in
1169 2482 1291 2507 auras.

167 2551 214 2586 39
247 2539 337 2576 ritus
372 2550 556 2588 pecorum
591 2538 679 2577 Cus.
710 2541 743 2575 el
774 2537 878 2587 szs.
908 2537 1000 2575 ritus
1035 2547 1293 2586 pecorumque
1335 2533 1506 2571 l'ossz'ani
