1786 2878
189 158 243 202 52
608 154 804 186 NOCTES
831 153 1163 187 MANJJJANAE

191 265 364 303 additum
384 270 452 301 est.
510 261 707 299 Bentleius
727 261 834 297 ellam
856 261 894 297 in
923 265 957 298 el
974 265 1045 298 lota
1067 258 1295 297 immutauit.
1352 256 1440 305 Ego
1454 258 1590 293 utrim-

192 345 258 381 que
286 328 542 380 praetulerim,
573 334 613 364 ut
642 326 807 375 primum
838 326 1033 374 trigonum
1054 326 1194 362 Arietis
1222 323 1367 361 Leonis
1399 321 1590 369 Sagittarii

193 401 412 446 opponatur
432 393 540 431 tertio
562 392 699 429 Librae
721 391 978 428 Geminorum
999 388 1171 441 Aquarii,
1191 389 1406 427 secundum
1427 394 1588 438 quarto:

194 461 370 512 quamuis
394 459 518 508 spatio
538 458 718 495 exclusus
738 457 785 494 de
815 458 1090 506 posterioribus
1110 456 1168 493 his
1197 455 1289 492 nihil
1314 454 1462 492 dixerit.
1519 452 1593 489 Vel

195 527 379 574 utrimque
417 524 552 561 dicitur
591 523 681 573 quia
719 522 839 560 modo
878 521 978 567 hinc,
1014 521 1134 559 modo
1167 509 1274 558 'illinc
1314 519 1593 568 inspiciuntur;

196 599 477 639 utrumcunque
498 589 596 626 latus
616 589 798 626 binorum
819 588 1059 636 trigonorum
1088 586 1372 636 contemplatus
1392 584 1476 628 eris,
1499 584 1596 620 inter

198 669 239 695 se
259 656 541 705 repugnabunt.

254 722 304 759 II.
327 732 405 770 530

364 787 517 824 Idcirco
546 791 584 824 et
613 784 754 822 cedunt
782 783 962 833 pecudes,
992 783 1097 834 quod
1125 784 1268 821 uiribus
1297 781 1436 831 amplis

365 852 582 890 Consilium
612 858 670 887 est
700 850 835 887 maius.

202 919 271 968 qui
303 931 322 955 0
359 930 431 968 pro
464 918 568 966 quod,
599 916 634 953 h.
665 928 697 953 e.
727 916 841 965 quia:
887 914 1133 965 praetulerim
1162 914 1239 953 hoc
1274 914 1305 952 si
1343 913 1498 951 faueant
1540 911 1602 949 alii

204 984 370 1029 codices,
394 983 442 1021 de
463 983 603 1033 quibus
624 981 719 1018 nihil
740 981 833 1018 dum
854 981 1095 1030 exploratum
1115 987 1184 1019 est.

260 1050 311 1088 11.
334 1059 411 1098 533

368 1116 458 1165 Ipse
488 1126 582 1152 suae
611 1112 729 1162 partis
761 1110 978 1150 Centaurus
1008 1118 1159 1161 tergore
1188 1111 1300 1149 cedit.

261 1181 384 1219 Recte
414 1180 564 1218 uidetur
585 1179 792 1216 Stoeberus
812 1177 885 1215 hoc
911 1184 1045 1215 contra
1065 1177 1333 1215 Bentleianum
1345 1177 1461 1226 ferae
1478 1176 1607 1225 partis

207 1248 314 1285 tueri.
372 1246 589 1284 Centaurus
622 1244 703 1282 siue
735 1243 958 1293 Sagittarius
987 1243 1048 1280 hic
1079 1251 1119 1280 ut
1149 1243 1271 1280 maior
1300 1242 1493 1280 inducitur
1521 1248 1608 1291 post

208 1313 384 1351 Leonem
404 1318 440 1349 et
461 1311 651 1348 Arietem:
682 1310 809 1358 itaque
830 1308 916 1358 Ipse
936 1321 1023 1345 suae
1051 1308 1225 1345 additum
1244 1314 1323 1345 est:
1354 1308 1448 1344 cedit
1469 1311 1610 1354 tergore

209 1391 296 1416 suae
315 1378 445 1427 partis
465 1383 521 1414 est
542 1376 761 1414 cessionem
781 1374 872 1412 facit
893 1374 972 1412 siue
992 1374 1181 1412 renuntiat
1207 1373 1349 1422 tergori
1370 1372 1475 1422 quod
1494 1372 1611 1409 habet

210 1451 398 1493 tanquam
433 1441 596 1479 ferinam
625 1447 773 1492 partem
807 1452 898 1478 suae
929 1446 1114 1477 naturae:
1157 1451 1234 1488 qua
1268 1446 1376 1489 parte
1405 1450 1526 1488 equus
1556 1443 1613 1474 est

211 1508 307 1547 nihil
338 1508 410 1546 sibi
434 1512 598 1557 arrogat.
661 1507 806 1555 Tergus
828 1519 916 1543 suae
933 1506 1063 1555 partis
1089 1505 1228 1543 dicitur
1247 1511 1376 1554 tergus
1399 1504 1439 1541 in
1459 1515 1537 1553 quo
1557 1509 1613 1540 est

211 1586 300 1624 pars
320 1586 390 1611 sui.

271 1640 322 1677 II.
346 1651 435 1688 541,
459 1651 478 1676 2
503 1638 556 1676 sic
576 1637 730 1675 tradunt
751 1636 917 1675 codices.

379 1704 574 1754 Lanigero
597 1703 737 1752 genitis
767 1702 911 1740 bellum
940 1708 998 1740 est
1027 1713 1115 1739 cum
1144 1701 1293 1751 uirgine
1322 1701 1422 1739 natis

379 1770 431 1807 Et
458 1769 553 1806 libra
582 1769 727 1818 gemini
756 1768 884 1817 pisces
913 1779 1011 1817 quos
1040 1767 1189 1816 pertulit
1219 1766 1334 1804 unda.

275 1846 348 1884 541
373 1836 498 1885 gentis
523 1834 663 1872 Gembl.
719 1840 775 1871 est
795 1846 862 1870 om.
886 1831 1065 1870 Vossz'ant'.
1124 1841 1198 1879 542
1223 1831 1313 1869 luna
1339 1828 1452 1869 Voss.²
1470 1831 1617 1880 gemitu

218 1916 237 1940 o
269 1902 421 1952 ‘pisces
460 1913 511 1938 ex
548 1900 663 1949 piscis
678 1898 726 1950 (?)
752 1899 856 1949 ficit
878 1905 942 1947 pr.
967 1911 1014 1935 m.
1036 1895 1360 1948 (Gemblacenm'sy
1400 1897 1619 1935 Thomasz'us

220 1967 374 2018 pertulit
399 1965 538 2004 Gembl.
561 1965 649 2004 Cus.
676 1965 848 2002 Vossiam'
865 1963 1019 2014 protulit
1038 1976 1058 2001 0
1073 1963 1105 2002 b.

276 2033 323 2071 In
353 2032 412 2070 his
441 2044 503 2069 uu.
523 2031 707 2068 Manilius
736 2030 941 2068 exordium
969 2029 1059 2066 facit
1087 2028 1369 2066 inimicitiarum
1399 2040 1495 2079 quas
1524 2028 1621 2066 inter

223 2111 264 2136 se
294 2098 473 2148 priuatim
504 2103 643 2147 gerunt
672 2096 818 2142 sidera;
849 2108 948 2145 quae
978 2094 1166 2144 digressio
1195 2106 1317 2143 usque
1346 2095 1395 2131 ad
1427 2096 1504 2143 569
1531 2106 1621 2144 pro-

224 2165 386 2202 ducitur.
443 2163 548 2200 Dicit
575 2169 703 2200 autern
727 2172 815 2210 551,
841 2174 859 2198 2
884 2160 1007 2199 Leoni
1028 2172 1257 2199 communes
1278 2160 1408 2197 hostes
1428 2172 1511 2197 esse
1532 2171 1621 2197 cum

225 2231 367 2268 Ariete.
439 2228 619 2266 Similiter
649 2230 834 2275 560-563
866 2227 971 2265 addit
1002 2226 1241 2275 Sagittarium
1271 2233 1309 2263 et
1339 2224 1622 2274 Capricornum

227 2307 456 2334 communes
485 2294 616 2332 hostes
645 2293 797 2338 habere,
826 2293 1002 2331 uidelicet
1026 2292 1214 2330 Geminos
1245 2290 1401 2328 Libram
1421 2290 1623 2339 Virginem

228 2362 453 2410 Aquarium.
512 2360 566 2397 Hi
593 2360 707 2409 igitur
734 2359 919 2407 quoniam
952 2358 1157 2408 Sagittario
1183 2363 1221 2395 et
1248 2356 1489 2406 Capricorno
1518 2368 1624 2393 com-

229 2428 396 2464 muniter
416 2434 601 2475 tanquam
628 2424 757 2462 hostes
782 2423 1043 2473 adsignantur,
1064 2435 1143 2461 non
1170 2428 1333 2472 possunt
1362 2421 1477 2458 iidem
1505 2422 1624 2458 Arieti

230 2499 266 2529 et
314 2491 436 2530 Leoni
483 2490 687 2539 adsignari.
763 2489 898 2539 Itaque
944 2490 1084 2527 errauit
1130 2488 1325 2527 Bentleius
1373 2498 1462 2535 541,
1511 2500 1530 2525 2
1572 2488 1625 2525 sic

230 2557 478 2595 emendando
