<?xml version="1.0" encoding="UTF-8"?>
<!DOCTYPE html PUBLIC "-//W3C//DTD XHTML 1.0 Transitional//EN"
    "http://www.w3.org/TR/xhtml1/DTD/xhtml1-transitional.dtd">
<html xmlns="http://www.w3.org/1999/xhtml" xml:lang="en" lang="en">
 <head>
  <title>
</title>
<meta http-equiv="Content-Type" content="text/html;charset=utf-8" />
  <meta name='ocr-system' content='tesseract 3.04.00' />
  <meta name='ocr-capabilities' content='ocr_page ocr_carea ocr_par ocr_line ocrx_word'/>
</head>
<body>
  <div class='ocr_page' id='page_1' title='image "./noctesmanilianae00elliuoft_0158.png"; bbox 0 0 1786 2878; ppageno 0'>
   <div class='ocr_carea' id='block_1_1' title="bbox 211 121 1184 173">
    <p class='ocr_par' dir='ltr' id='par_1_1' title="bbox 211 121 1184 173">
     <span class='ocr_line' id='line_1_1' title="bbox 211 121 1184 173; baseline 0.001 -15"><span class='ocrx_word' id='word_1_1' title='bbox 211 121 290 173; x_wconf 76' lang='lat'><strong>138</strong></span> <span class='ocrx_word' id='word_1_2' title='bbox 631 127 826 159; x_wconf 83' lang='lat' dir='ltr'><em>NOCTES</em></span> <span class='ocrx_word' id='word_1_3' title='bbox 854 127 1184 159; x_wconf 61' lang='lat' dir='ltr'><em>MANJLJAAME</em></span> 
     </span>
    </p>
   </div>
   <div class='ocr_carea' id='block_1_2' title="bbox 207 235 1606 1005">
    <p class='ocr_par' dir='ltr' id='par_1_2' title="bbox 209 235 1598 417">
     <span class='ocr_line' id='line_1_2' title="bbox 209 235 1598 286; baseline 0.002 -14"><span class='ocrx_word' id='word_1_4' title='bbox 209 249 300 272; x_wconf 76' lang='lat' dir='ltr'><strong>mus.</strong></span> <span class='ocrx_word' id='word_1_5' title='bbox 357 235 431 273; x_wconf 78' lang='lat' dir='ltr'><strong>Vix</strong></span> <span class='ocrx_word' id='word_1_6' title='bbox 453 242 603 285; x_wconf 84' lang='lat' dir='ltr'><strong>poterat</strong></span> <span class='ocrx_word' id='word_1_7' title='bbox 623 236 671 273; x_wconf 81' lang='lat' dir='ltr'><strong>ad</strong></span> <span class='ocrx_word' id='word_1_8' title='bbox 692 243 867 274; x_wconf 83' lang='lat' dir='ltr'><strong>naturam</strong></span> <span class='ocrx_word' id='word_1_9' title='bbox 893 236 967 275; x_wconf 88' lang='lat' dir='ltr'><strong>loci</strong></span> <span class='ocrx_word' id='word_1_10' title='bbox 988 237 1114 275; x_wconf 79' lang='lat' dir='ltr'><strong>dicere</strong></span> <span class='ocrx_word' id='word_1_11' title='bbox 1134 238 1282 286; x_wconf 84' lang='lat' dir='ltr'><strong>aptius:</strong></span> <span class='ocrx_word' id='word_1_12' title='bbox 1314 237 1598 276; x_wconf 83' lang='lat' dir='ltr'><strong>Acroceraunia</strong></span> 
     </span>
     <span class='ocr_line' id='line_1_3' title="bbox 209 302 1597 352; baseline 0.002 -14"><span class='ocrx_word' id='word_1_13' title='bbox 209 302 294 351; x_wconf 90' lang='lat' dir='ltr'><strong>quis</strong></span> <span class='ocrx_word' id='word_1_14' title='bbox 323 303 453 348; x_wconf 87' lang='lat' dir='ltr'><strong>nescit,</strong></span> <span class='ocrx_word' id='word_1_15' title='bbox 480 302 566 339; x_wconf 90' lang='lat' dir='ltr'><strong>‘the</strong></span> <span class='ocrx_word' id='word_1_16' title='bbox 592 308 673 339; x_wconf 87' lang='lat' dir='ltr'><strong>vast</strong></span> <span class='ocrx_word' id='word_1_17' title='bbox 693 302 1006 340; x_wconf 86' lang='lat' dir='ltr'><strong>Acroceraunian</strong></span> <span class='ocrx_word' id='word_1_18' title='bbox 1030 303 1178 341; x_wconf 80' lang='lat' dir='ltr'><strong>walls?&#39;</strong></span> <span class='ocrx_word' id='word_1_19' title='bbox 1200 304 1254 341; x_wconf 86' lang='lat' dir='ltr'><strong>sic</strong></span> <span class='ocrx_word' id='word_1_20' title='bbox 1281 303 1384 340; x_wconf 87' lang='lat' dir='ltr'><strong>enim</strong></span> <span class='ocrx_word' id='word_1_21' title='bbox 1410 303 1597 352; x_wconf 77' lang='lat' dir='ltr'><strong>Tennyso</strong></span> 
     </span>
     <span class='ocr_line' id='line_1_4' title="bbox 209 367 1150 417; baseline 0.001 -13"><span class='ocrx_word' id='word_1_22' title='bbox 209 374 358 405; x_wconf 84' lang='lat' dir='ltr'><strong>nostras</strong></span> <span class='ocrx_word' id='word_1_23' title='bbox 378 368 416 404; x_wconf 90' lang='lat' dir='ltr'><strong>in</strong></span> <span class='ocrx_word' id='word_1_24' title='bbox 436 368 630 416; x_wconf 88' lang='lat' dir='ltr'><strong>poematio</strong></span> <span class='ocrx_word' id='word_1_25' title='bbox 651 379 729 416; x_wconf 93' lang='lat' dir='ltr'><strong>quo</strong></span> <span class='ocrx_word' id='word_1_26' title='bbox 750 367 943 417; x_wconf 89' lang='lat' dir='ltr'><strong>Illyricum</strong></span> <span class='ocrx_word' id='word_1_27' title='bbox 965 369 1150 417; x_wconf 82' lang='lat' dir='ltr'><strong>depinxit.</strong></span> 
     </span>
    </p>

    <p class='ocr_par' dir='ltr' id='par_1_3' title="bbox 207 432 1606 942">
     <span class='ocr_line' id='line_1_5' title="bbox 263 432 1598 482; baseline 0.001 -13"><span class='ocrx_word' id='word_1_28' title='bbox 263 433 309 470; x_wconf 89' lang='lat' dir='ltr'><strong>In</strong></span> <span class='ocrx_word' id='word_1_29' title='bbox 341 434 414 470; x_wconf 90' lang='lat'><strong>612</strong></span> <span class='ocrx_word' id='word_1_30' title='bbox 443 434 687 470; x_wconf 74' lang='lat' dir='ltr'><strong>circumuolat</strong></span> <span class='ocrx_word' id='word_1_31' title='bbox 715 432 880 482; x_wconf 79' lang='lat' dir='ltr'><strong>Scaliger</strong></span> <span class='ocrx_word' id='word_1_32' title='bbox 917 434 1046 482; x_wconf 89' lang='lat' dir='ltr'><strong>inepte</strong></span> <span class='ocrx_word' id='word_1_33' title='bbox 1084 434 1159 471; x_wconf 80' lang='lat' dir='ltr'><strong>dici</strong></span> <span class='ocrx_word' id='word_1_34' title='bbox 1193 434 1387 480; x_wconf 83' lang='lat' dir='ltr'><strong>intellexit,</strong></span> <span class='ocrx_word' id='word_1_35' title='bbox 1420 433 1488 472; x_wconf 88' lang='lat' dir='ltr'><strong>sed</strong></span> <span class='ocrx_word' id='word_1_36' title='bbox 1526 446 1598 471; x_wconf 91' lang='lat' dir='ltr'><strong>nec</strong></span> 
     </span>
     <span class='ocr_line' id='line_1_6' title="bbox 208 498 1600 549; baseline 0.001 -15"><span class='ocrx_word' id='word_1_37' title='bbox 208 498 277 535; x_wconf 88' lang='lat' dir='ltr'><strong>sibi</strong></span> <span class='ocrx_word' id='word_1_38' title='bbox 307 511 377 536; x_wconf 87' lang='lat' dir='ltr'><strong>nec</strong></span> <span class='ocrx_word' id='word_1_39' title='bbox 407 498 487 536; x_wconf 87' lang='lat' dir='ltr'><strong>aliis</strong></span> <span class='ocrx_word' id='word_1_40' title='bbox 511 498 686 536; x_wconf 81' lang='lat' dir='ltr'><strong>satisfecit</strong></span> <span class='ocrx_word' id='word_1_41' title='bbox 705 499 918 535; x_wconf 72' lang='lat' dir='ltr'><strong>circumluit</strong></span> <span class='ocrx_word' id='word_1_42' title='bbox 943 499 1208 537; x_wconf 88' lang='lat' dir='ltr'><strong>coniectando.</strong></span> <span class='ocrx_word' id='word_1_43' title='bbox 1264 499 1351 537; x_wconf 87' lang='lat' dir='ltr'><strong>Fuit</strong></span> <span class='ocrx_word' id='word_1_44' title='bbox 1380 500 1506 549; x_wconf 87' lang='lat' dir='ltr'><strong>potius</strong></span> <span class='ocrx_word' id='word_1_45' title='bbox 1525 501 1600 536; x_wconf 88' lang='lat' dir='ltr'><strong>cir-</strong></span> 
     </span>
     <span class='ocr_line' id='line_1_7' title="bbox 207 564 1599 615; baseline 0.001 -15"><span class='ocrx_word' id='word_1_46' title='bbox 207 564 397 612; x_wconf 85' lang='lat' dir='ltr'><strong>cumforat</strong></span> <span class='ocrx_word' id='word_1_47' title='bbox 409 577 417 610; x_wconf 83' lang='lat'><em>3</em></span> <span class='ocrx_word' id='word_1_48' title='bbox 446 575 638 613; x_wconf 87' lang='lat' dir='ltr'>nusquam</span> <span class='ocrx_word' id='word_1_49' title='bbox 665 564 769 601; x_wconf 91' lang='lat' dir='ltr'><strong>enim</strong></span> <span class='ocrx_word' id='word_1_50' title='bbox 794 565 918 613; x_wconf 87' lang='lat' dir='ltr'><strong>magis</strong></span> <span class='ocrx_word' id='word_1_51' title='bbox 938 565 1047 602; x_wconf 87' lang='lat' dir='ltr'><strong>tellus</strong></span> <span class='ocrx_word' id='word_1_52' title='bbox 1067 564 1212 603; x_wconf 76' lang='lat' dir='ltr'><strong>foratur</strong></span> <span class='ocrx_word' id='word_1_53' title='bbox 1240 577 1263 602; x_wconf 88' lang='lat' dir='ltr'><strong>a</strong></span> <span class='ocrx_word' id='word_1_54' title='bbox 1283 565 1377 602; x_wconf 87' lang='lat' dir='ltr'><strong>mari</strong></span> <span class='ocrx_word' id='word_1_55' title='bbox 1397 577 1514 615; x_wconf 88' lang='lat' dir='ltr'><strong>quam</strong></span> <span class='ocrx_word' id='word_1_56' title='bbox 1535 565 1599 601; x_wconf 91' lang='lat' dir='ltr'><strong>ubi</strong></span> 
     </span>
     <span class='ocr_line' id='line_1_8' title="bbox 208 628 1600 680; baseline 0 -14"><span class='ocrx_word' id='word_1_57' title='bbox 208 628 522 678; x_wconf 83' lang='lat' dir='ltr'><strong>Peloponnesum</strong></span> <span class='ocrx_word' id='word_1_58' title='bbox 545 629 785 675; x_wconf 82' lang='lat' dir='ltr'><strong>circumfluit,</strong></span> <span class='ocrx_word' id='word_1_59' title='bbox 807 630 1012 679; x_wconf 83' lang='lat' dir='ltr'><strong>praecipue</strong></span> <span class='ocrx_word' id='word_1_60' title='bbox 1032 642 1126 667; x_wconf 88' lang='lat' dir='ltr'><strong>uero</strong></span> <span class='ocrx_word' id='word_1_61' title='bbox 1151 631 1201 667; x_wconf 87' lang='lat' dir='ltr'><strong>ab</strong></span> <span class='ocrx_word' id='word_1_62' title='bbox 1221 630 1389 668; x_wconf 86' lang='lat' dir='ltr'><strong>Australi</strong></span> <span class='ocrx_word' id='word_1_63' title='bbox 1410 638 1515 680; x_wconf 88' lang='lat' dir='ltr'><strong>parte</strong></span> <span class='ocrx_word' id='word_1_64' title='bbox 1535 630 1600 667; x_wconf 89' lang='lat' dir='ltr'><strong>ubi</strong></span> 
     </span>
     <span class='ocr_line' id='line_1_9' title="bbox 208 693 1601 745; baseline 0.001 -15"><span class='ocrx_word' id='word_1_65' title='bbox 208 695 315 731; x_wconf 88' lang='lat' dir='ltr'><strong>sinus</strong></span> <span class='ocrx_word' id='word_1_66' title='bbox 334 695 421 732; x_wconf 84' lang='lat' dir='ltr'><strong>facit</strong></span> <span class='ocrx_word' id='word_1_67' title='bbox 441 694 727 732; x_wconf 86' lang='lat' dir='ltr'><strong>Messeniacum</strong></span> <span class='ocrx_word' id='word_1_68' title='bbox 743 693 1067 744; x_wconf 84' lang='lat' dir='ltr'><strong>Laconicumque.</strong></span> <span class='ocrx_word' id='word_1_69' title='bbox 1101 695 1345 745; x_wconf 81' lang='lat' dir='ltr'><strong>Participium</strong></span> <span class='ocrx_word' id='word_1_70' title='bbox 1358 695 1601 744; x_wconf 86' lang='lat' dir='ltr'><strong>circumfora-</strong></span> 
     </span>
     <span class='ocr_line' id='line_1_10' title="bbox 208 759 1602 809; baseline -0.001 -12"><span class='ocrx_word' id='word_1_71' title='bbox 208 766 269 797; x_wconf 79' lang='lat' dir='ltr'><strong>tus</strong></span> <span class='ocrx_word' id='word_1_72' title='bbox 288 767 389 797; x_wconf 79' lang='lat' dir='ltr'><strong>extat</strong></span> <span class='ocrx_word' id='word_1_73' title='bbox 410 760 512 809; x_wconf 88' lang='lat' dir='ltr'><strong>apud</strong></span> <span class='ocrx_word' id='word_1_74' title='bbox 528 760 694 796; x_wconf 87' lang='lat' dir='ltr'><strong>Plinium</strong></span> <span class='ocrx_word' id='word_1_75' title='bbox 716 760 767 797; x_wconf 95' lang='lat' dir='ltr'><strong>H.</strong></span> <span class='ocrx_word' id='word_1_76' title='bbox 786 759 835 797; x_wconf 92' lang='lat' dir='ltr'><strong>N.</strong></span> <span class='ocrx_word' id='word_1_77' title='bbox 849 760 935 798; x_wconf 88' lang='lat' dir='ltr'><strong>xvii.</strong></span> <span class='ocrx_word' id='word_1_78' title='bbox 957 770 1030 807; x_wconf 86' lang='lat'><strong>252</strong></span> <span class='ocrx_word' id='word_1_79' title='bbox 1050 760 1200 798; x_wconf 84' lang='lat' dir='ltr'><strong>Earum</strong></span> <span class='ocrx_word' id='word_1_80' title='bbox 1217 774 1352 809; x_wconf 80' lang='lat' dir='ltr'><strong>quoque</strong></span> <span class='ocrx_word' id='word_1_81' title='bbox 1371 761 1602 798; x_wconf 79' lang='lat' dir='ltr'><strong>terebrantur</strong></span> 
     </span>
     <span class='ocr_line' id='line_1_11' title="bbox 210 826 1606 876; baseline 0.001 -13"><span class='ocrx_word' id='word_1_82' title='bbox 210 839 304 864; x_wconf 74' lang='lat' dir='ltr'><strong>ossa.</strong></span> <span class='ocrx_word' id='word_1_83' title='bbox 361 826 436 862; x_wconf 80' lang='lat' dir='ltr'><strong>Am</strong></span> <span class='ocrx_word' id='word_1_84' title='bbox 456 827 596 874; x_wconf 76' lang='lat' dir='ltr'><strong>&#39;gdalae</strong></span> <span class='ocrx_word' id='word_1_85' title='bbox 615 838 666 863; x_wconf 84' lang='lat' dir='ltr'><strong>ex</strong></span> <span class='ocrx_word' id='word_1_86' title='bbox 690 826 836 863; x_wconf 84' lang='lat' dir='ltr'><strong>amaris</strong></span> <span class='ocrx_word' id='word_1_87' title='bbox 855 826 974 863; x_wconf 83' lang='lat' dir='ltr'><strong>dulces</strong></span> <span class='ocrx_word' id='word_1_88' title='bbox 983 827 1092 876; x_wconf 83' lang='lat' dir='ltr'><strong>fiunt</strong></span> <span class='ocrx_word' id='word_1_89' title='bbox 1112 828 1151 863; x_wconf 83' lang='lat' dir='ltr'><strong>si</strong></span> <span class='ocrx_word' id='word_1_90' title='bbox 1165 827 1407 875; x_wconf 78' lang='lat' dir='ltr'><strong>circumfhsso</strong></span> <span class='ocrx_word' id='word_1_91' title='bbox 1435 828 1554 876; x_wconf 68' lang='lat' dir='ltr'><strong>stzpz‘te</strong></span> <span class='ocrx_word' id='word_1_92' title='bbox 1572 830 1606 864; x_wconf 87' lang='lat' dir='ltr'><strong>et</strong></span> 
     </span>
     <span class='ocr_line' id='line_1_12' title="bbox 209 891 1367 942; baseline 0.001 -14"><span class='ocrx_word' id='word_1_93' title='bbox 209 892 254 929; x_wconf 79' lang='lat' dir='ltr'><strong>ab</strong></span> <span class='ocrx_word' id='word_1_94' title='bbox 275 893 349 928; x_wconf 84' lang='lat' dir='ltr'><strong>ima</strong></span> <span class='ocrx_word' id='word_1_95' title='bbox 364 896 471 940; x_wconf 79' lang='lat' dir='ltr'><strong>parte</strong></span> <span class='ocrx_word' id='word_1_96' title='bbox 490 891 757 941; x_wconf 78' lang='lat' dir='ltr'><strong>circumforato</strong></span> <span class='ocrx_word' id='word_1_97' title='bbox 776 892 932 942; x_wconf 83' lang='lat' dir='ltr'><strong>defluens</strong></span> <span class='ocrx_word' id='word_1_98' title='bbox 945 893 1083 940; x_wconf 79' lang='lat' dir='ltr'><strong>pituita</strong></span> <span class='ocrx_word' id='word_1_99' title='bbox 1104 892 1367 941; x_wconf 69' lang='lat' dir='ltr'><strong>abstergeatur.</strong></span> 
     </span>
    </p>

    <p class='ocr_par' dir='ltr' id='par_1_4' title="bbox 264 957 960 1005">
     <span class='ocr_line' id='line_1_13' title="bbox 264 957 960 1005; baseline 0 -11"><span class='ocrx_word' id='word_1_100' title='bbox 264 957 332 995; x_wconf 86' lang='lat' dir='ltr'><strong>IV.</strong></span> <span class='ocrx_word' id='word_1_101' title='bbox 355 958 538 1005; x_wconf 86' lang='lat'>615—617</span> <span class='ocrx_word' id='word_1_102' title='bbox 562 957 615 994; x_wconf 89' lang='lat' dir='ltr'><strong>sic</strong></span> <span class='ocrx_word' id='word_1_103' title='bbox 641 963 728 994; x_wconf 87' lang='lat' dir='ltr'><strong>sunt</strong></span> <span class='ocrx_word' id='word_1_104' title='bbox 747 957 787 994; x_wconf 89' lang='lat' dir='ltr'><strong>in</strong></span> <span class='ocrx_word' id='word_1_105' title='bbox 807 957 960 994; x_wconf 91' lang='lat' dir='ltr'><strong>Gembl.</strong></span> 
     </span>
    </p>
   </div>
   <div class='ocr_carea' id='block_1_3' title="bbox 213 1033 1610 1881">
    <p class='ocr_par' dir='ltr' id='par_1_5' title="bbox 373 1033 1476 1214">
     <span class='ocr_line' id='line_1_14' title="bbox 373 1033 1476 1084; baseline 0 -12"><span class='ocrx_word' id='word_1_106' title='bbox 373 1034 450 1072; x_wconf 91' lang='lat' dir='ltr'><strong>Hic</strong></span> <span class='ocrx_word' id='word_1_107' title='bbox 478 1040 621 1083; x_wconf 89' lang='lat' dir='ltr'><strong>pontus</strong></span> <span class='ocrx_word' id='word_1_108' title='bbox 650 1033 876 1083; x_wconf 87' lang='lat' dir='ltr'><strong>iuuenisque</strong></span> <span class='ocrx_word' id='word_1_109' title='bbox 905 1033 1043 1071; x_wconf 85' lang='lat' dir='ltr'><strong>fretum</strong></span> <span class='ocrx_word' id='word_1_110' title='bbox 1073 1046 1296 1084; x_wconf 84' lang='lat' dir='ltr'><strong>mersaeque</strong></span> <span class='ocrx_word' id='word_1_111' title='bbox 1325 1034 1476 1084; x_wconf 89' lang='lat' dir='ltr'><strong>puellae</strong></span> 
     </span>
     <span class='ocr_line' id='line_1_15' title="bbox 375 1099 1393 1150; baseline 0.002 -14"><span class='ocrx_word' id='word_1_112' title='bbox 375 1100 567 1138; x_wconf 87' lang='lat' dir='ltr'><strong>Tenditur</strong></span> <span class='ocrx_word' id='word_1_113' title='bbox 594 1099 754 1136; x_wconf 88' lang='lat' dir='ltr'><strong>inuitum</strong></span> <span class='ocrx_word' id='word_1_114' title='bbox 784 1099 991 1149; x_wconf 82' lang='lat' dir='ltr'><strong>faucesque</strong></span> <span class='ocrx_word' id='word_1_115' title='bbox 1019 1100 1274 1149; x_wconf 89' lang='lat' dir='ltr'><strong>propontidos</strong></span> <span class='ocrx_word' id='word_1_116' title='bbox 1303 1107 1393 1150; x_wconf 85' lang='lat' dir='ltr'><strong>apto</strong></span> 
     </span>
     <span class='ocr_line' id='line_1_16' title="bbox 373 1164 1257 1214; baseline -0.001 -11"><span class='ocrx_word' id='word_1_117' title='bbox 373 1165 529 1203; x_wconf 82' lang='lat' dir='ltr'><strong>Euxino</strong></span> <span class='ocrx_word' id='word_1_118' title='bbox 558 1165 682 1214; x_wconf 83' lang='lat' dir='ltr'><strong>iungit</strong></span> <span class='ocrx_word' id='word_1_119' title='bbox 711 1164 850 1214; x_wconf 84' lang='lat' dir='ltr'><strong>pelago</strong></span> <span class='ocrx_word' id='word_1_120' title='bbox 880 1164 1048 1203; x_wconf 83' lang='lat' dir='ltr'><strong>Maeotis</strong></span> <span class='ocrx_word' id='word_1_121' title='bbox 1077 1171 1114 1203; x_wconf 87' lang='lat' dir='ltr'><strong>et</strong></span> <span class='ocrx_word' id='word_1_122' title='bbox 1143 1165 1257 1202; x_wconf 88' lang='lat' dir='ltr'><strong>undis</strong></span> 
     </span>
    </p>

    <p class='ocr_par' dir='ltr' id='par_1_6' title="bbox 213 1240 1606 1422">
     <span class='ocr_line' id='line_1_17' title="bbox 267 1240 1606 1291; baseline -0.001 -11"><span class='ocrx_word' id='word_1_123' title='bbox 267 1245 344 1289; x_wconf 86' lang='lat'><strong>615</strong></span> <span class='ocrx_word' id='word_1_124' title='bbox 374 1248 517 1291; x_wconf 86' lang='lat' dir='ltr'><strong>pontus</strong></span> <span class='ocrx_word' id='word_1_125' title='bbox 544 1242 642 1279; x_wconf 84' lang='lat' dir='ltr'><strong>codd.</strong></span> <span class='ocrx_word' id='word_1_126' title='bbox 663 1242 814 1291; x_wconf 89' lang='lat' dir='ltr'><strong>penitus</strong></span> <span class='ocrx_word' id='word_1_127' title='bbox 841 1241 1008 1279; x_wconf 84' lang='lat' dir='ltr'><strong>Iacobus.</strong></span> <span class='ocrx_word' id='word_1_128' title='bbox 1066 1243 1142 1278; x_wconf 88' lang='lat'><strong>616</strong></span> <span class='ocrx_word' id='word_1_129' title='bbox 1172 1248 1264 1291; x_wconf 87' lang='lat' dir='ltr'><strong>apto</strong></span> <span class='ocrx_word' id='word_1_130' title='bbox 1298 1240 1385 1279; x_wconf 77' lang='lat' dir='ltr'><strong>Cus.</strong></span> <span class='ocrx_word' id='word_1_131' title='bbox 1416 1240 1528 1278; x_wconf 77' lang='lat' dir='ltr'><strong>Voss.2</strong></span> <span class='ocrx_word' id='word_1_132' title='bbox 1547 1240 1568 1279; x_wconf 79' lang='lat' dir='ltr'><em>b</em></span> <span class='ocrx_word' id='word_1_133' title='bbox 1587 1254 1606 1278; x_wconf 93' lang='lat' dir='ltr'><strong>o</strong></span> 
     </span>
     <span class='ocr_line' id='line_1_18' title="bbox 213 1306 1606 1356; baseline -0.001 -10"><span class='ocrx_word' id='word_1_134' title='bbox 213 1316 295 1346; x_wconf 87' lang='lat' dir='ltr'><strong>arto</strong></span> <span class='ocrx_word' id='word_1_135' title='bbox 326 1306 436 1345; x_wconf 74' lang='lat' dir='ltr'><strong>Voss.1</strong></span> <span class='ocrx_word' id='word_1_136' title='bbox 457 1315 546 1356; x_wconf 86' lang='lat' dir='ltr'><strong>apta</strong></span> <span class='ocrx_word' id='word_1_137' title='bbox 572 1306 743 1356; x_wconf 64' lang='lat' dir='ltr'><strong>Regiam.</strong></span> <span class='ocrx_word' id='word_1_138' title='bbox 763 1306 884 1356; x_wconf 73' lang='lat' dir='ltr'><strong>lVeap.</strong></span> <span class='ocrx_word' id='word_1_139' title='bbox 906 1314 1032 1344; x_wconf 84' lang='lat' dir='ltr'><strong>arctae</strong></span> <span class='ocrx_word' id='word_1_140' title='bbox 1052 1306 1343 1344; x_wconf 82' lang='lat' dir='ltr'><strong>Bonincontrz&#39;us</strong></span> <span class='ocrx_word' id='word_1_141' title='bbox 1369 1308 1408 1344; x_wconf 87' lang='lat' dir='ltr'><strong>in</strong></span> <span class='ocrx_word' id='word_1_142' title='bbox 1433 1319 1606 1344; x_wconf 84' lang='lat' dir='ltr'><strong>commen·</strong></span> 
     </span>
     <span class='ocr_line' id='line_1_19' title="bbox 213 1371 1354 1422; baseline -0.001 -11"><span class='ocrx_word' id='word_1_143' title='bbox 213 1375 312 1411; x_wconf 85' lang='lat' dir='ltr'><strong>tario</strong></span> <span class='ocrx_word' id='word_1_144' title='bbox 333 1380 436 1411; x_wconf 87' lang='lat' dir='ltr'><strong>artae</strong></span> <span class='ocrx_word' id='word_1_145' title='bbox 457 1372 629 1422; x_wconf 75' lang='lat' dir='ltr'><strong>Scaliger</strong></span> <span class='ocrx_word' id='word_1_146' title='bbox 649 1381 748 1410; x_wconf 85' lang='lat' dir='ltr'><strong>artas</strong></span> <span class='ocrx_word' id='word_1_147' title='bbox 769 1372 969 1410; x_wconf 79' lang='lat' dir='ltr'><strong>Bentleius.</strong></span> <span class='ocrx_word' id='word_1_148' title='bbox 1031 1374 1106 1420; x_wconf 88' lang='lat'><strong>617</strong></span> <span class='ocrx_word' id='word_1_149' title='bbox 1138 1373 1242 1422; x_wconf 85' lang='lat' dir='ltr'><strong>iungi</strong></span> <span class='ocrx_word' id='word_1_150' title='bbox 1265 1371 1354 1410; x_wconf 86' lang='lat' dir='ltr'><strong>Cus.</strong></span> 
     </span>
    </p>

    <p class='ocr_par' dir='ltr' id='par_1_7' title="bbox 214 1437 1610 1685">
     <span class='ocr_line' id='line_1_20' title="bbox 266 1437 1608 1488; baseline -0.001 -12"><span class='ocrx_word' id='word_1_151' title='bbox 266 1439 436 1488; x_wconf 84' lang='lat' dir='ltr'><strong>Egregia</strong></span> <span class='ocrx_word' id='word_1_152' title='bbox 461 1445 519 1477; x_wconf 86' lang='lat' dir='ltr'><strong>est</strong></span> <span class='ocrx_word' id='word_1_153' title='bbox 545 1438 765 1476; x_wconf 83' lang='lat' dir='ltr'><strong>emendatio</strong></span> <span class='ocrx_word' id='word_1_154' title='bbox 795 1438 927 1476; x_wconf 89' lang='lat' dir='ltr'><strong>Iacobi</strong></span> <span class='ocrx_word' id='word_1_155' title='bbox 947 1439 1108 1487; x_wconf 77' lang='lat' dir='ltr'><strong>penitus,</strong></span> <span class='ocrx_word' id='word_1_156' title='bbox 1138 1437 1243 1487; x_wconf 90' lang='lat' dir='ltr'><strong>quod</strong></span> <span class='ocrx_word' id='word_1_157' title='bbox 1272 1449 1360 1475; x_wconf 90' lang='lat' dir='ltr'><strong>cum</strong></span> <span class='ocrx_word' id='word_1_158' title='bbox 1390 1437 1608 1475; x_wconf 85' lang='lat' dir='ltr'><strong>accusatiuo</strong></span> 
     </span>
     <span class='ocr_line' id='line_1_21' title="bbox 214 1502 1608 1555; baseline -0.001 -14"><span class='ocrx_word' id='word_1_159' title='bbox 214 1504 274 1542; x_wconf 90' lang='lat' dir='ltr'><strong>hie</strong></span> <span class='ocrx_word' id='word_1_160' title='bbox 296 1505 476 1555; x_wconf 85' lang='lat' dir='ltr'><strong>iungitur,</strong></span> <span class='ocrx_word' id='word_1_161' title='bbox 497 1517 585 1542; x_wconf 89' lang='lat' dir='ltr'><strong>cum</strong></span> <span class='ocrx_word' id='word_1_162' title='bbox 606 1504 784 1550; x_wconf 83' lang='lat' dir='ltr'><strong>ablatiuo,</strong></span> <span class='ocrx_word' id='word_1_163' title='bbox 804 1510 845 1540; x_wconf 89' lang='lat' dir='ltr'><strong>ut</strong></span> <span class='ocrx_word' id='word_1_164' title='bbox 864 1504 1025 1549; x_wconf 80' lang='lat' dir='ltr'><strong>uidetur,</strong></span> <span class='ocrx_word' id='word_1_165' title='bbox 1047 1504 1124 1550; x_wconf 87' lang='lat'><strong>644</strong></span> <span class='ocrx_word' id='word_1_166' title='bbox 1151 1502 1292 1540; x_wconf 79' lang='lat' dir='ltr'><strong>Oceano</strong></span> <span class='ocrx_word' id='word_1_167' title='bbox 1304 1504 1464 1552; x_wconf 80' lang='lat' dir='ltr'><strong>penitus.</strong></span> <span class='ocrx_word' id='word_1_168' title='bbox 1496 1502 1608 1540; x_wconf 86' lang='lat' dir='ltr'><strong>Mare</strong></span> 
     </span>
     <span class='ocr_line' id='line_1_22' title="bbox 214 1569 1610 1619; baseline -0.001 -12"><span class='ocrx_word' id='word_1_169' title='bbox 214 1570 380 1607; x_wconf 85' lang='lat' dir='ltr'><strong>tenditur</strong></span> <span class='ocrx_word' id='word_1_170' title='bbox 416 1570 579 1607; x_wconf 89' lang='lat' dir='ltr'><strong>inuitum</strong></span> <span class='ocrx_word' id='word_1_171' title='bbox 609 1570 764 1619; x_wconf 90' lang='lat' dir='ltr'><strong>penitus</strong></span> <span class='ocrx_word' id='word_1_172' title='bbox 801 1569 1100 1618; x_wconf 89' lang='lat' dir='ltr'><strong>Hellespontum</strong></span> <span class='ocrx_word' id='word_1_173' title='bbox 1139 1569 1176 1607; x_wconf 91' lang='lat' dir='ltr'><strong>h.</strong></span> <span class='ocrx_word' id='word_1_174' title='bbox 1215 1581 1248 1606; x_wconf 89' lang='lat' dir='ltr'><strong>e.</strong></span> <span class='ocrx_word' id='word_1_175' title='bbox 1287 1569 1386 1606; x_wconf 84' lang='lat' dir='ltr'><strong>intra</strong></span> <span class='ocrx_word' id='word_1_176' title='bbox 1422 1569 1610 1619; x_wconf 86' lang='lat' dir='ltr'><strong>penitiora</strong></span> 
     </span>
     <span class='ocr_line' id='line_1_23' title="bbox 217 1635 470 1685; baseline 0.004 -13"><span class='ocrx_word' id='word_1_177' title='bbox 217 1635 470 1685; x_wconf 81' lang='lat' dir='ltr'><strong>Hellesponti.</strong></span> 
     </span>
    </p>

    <p class='ocr_par' dir='ltr' id='par_1_8' title="bbox 215 1699 1610 1804">
     <span class='ocr_line' id='line_1_24' title="bbox 270 1699 1610 1751; baseline -0.001 -14"><span class='ocrx_word' id='word_1_178' title='bbox 270 1706 353 1751; x_wconf 74' lang='lat' dir='ltr'><strong>apto</strong></span> <span class='ocrx_word' id='word_1_179' title='bbox 372 1702 433 1739; x_wconf 91' lang='lat' dir='ltr'><strong>uel</strong></span> <span class='ocrx_word' id='word_1_180' title='bbox 453 1707 546 1747; x_wconf 80' lang='lat' dir='ltr'><strong>arto,</strong></span> <span class='ocrx_word' id='word_1_181' title='bbox 569 1700 675 1751; x_wconf 88' lang='lat' dir='ltr'><strong>quod</strong></span> <span class='ocrx_word' id='word_1_182' title='bbox 704 1700 847 1738; x_wconf 86' lang='lat' dir='ltr'><strong>habent</strong></span> <span class='ocrx_word' id='word_1_183' title='bbox 877 1700 1044 1746; x_wconf 86' lang='lat' dir='ltr'><strong>codices,</strong></span> <span class='ocrx_word' id='word_1_184' title='bbox 1066 1704 1171 1737; x_wconf 82' lang='lat' dir='ltr'><strong>artae</strong></span> <span class='ocrx_word' id='word_1_185' title='bbox 1198 1699 1327 1749; x_wconf 88' lang='lat' dir='ltr'><strong>potius</strong></span> <span class='ocrx_word' id='word_1_186' title='bbox 1357 1712 1474 1749; x_wconf 88' lang='lat' dir='ltr'><strong>quam</strong></span> <span class='ocrx_word' id='word_1_187' title='bbox 1503 1704 1610 1737; x_wconf 81' lang='lat' dir='ltr'><strong>artas</strong></span> 
     </span>
     <span class='ocr_line' id='line_1_25' title="bbox 215 1765 1478 1804; baseline 0 -2"><span class='ocrx_word' id='word_1_188' title='bbox 215 1767 330 1804; x_wconf 86' lang='lat' dir='ltr'><strong>fuisse</strong></span> <span class='ocrx_word' id='word_1_189' title='bbox 350 1766 600 1804; x_wconf 88' lang='lat' dir='ltr'><strong>crediderim:</strong></span> <span class='ocrx_word' id='word_1_190' title='bbox 632 1773 669 1803; x_wconf 89' lang='lat' dir='ltr'><strong>et</strong></span> <span class='ocrx_word' id='word_1_191' title='bbox 689 1765 743 1803; x_wconf 92' lang='lat' dir='ltr'><strong>sic</strong></span> <span class='ocrx_word' id='word_1_192' title='bbox 763 1765 914 1802; x_wconf 89' lang='lat' dir='ltr'><strong>uidetur</strong></span> <span class='ocrx_word' id='word_1_193' title='bbox 934 1766 1144 1803; x_wconf 87' lang='lat' dir='ltr'><strong>correxisse</strong></span> <span class='ocrx_word' id='word_1_194' title='bbox 1166 1765 1478 1803; x_wconf 88' lang='lat' dir='ltr'><strong>Bonincontrius.</strong></span> 
     </span>
    </p>

    <p class='ocr_par' dir='ltr' id='par_1_9' title="bbox 272 1829 1005 1881">
     <span class='ocr_line' id='line_1_26' title="bbox 272 1829 1005 1881; baseline -0.004 -12"><span class='ocrx_word' id='word_1_195' title='bbox 272 1832 340 1869; x_wconf 69' lang='lat' dir='ltr'><strong>lv.</strong></span> <span class='ocrx_word' id='word_1_196' title='bbox 363 1833 438 1880; x_wconf 81' lang='lat'><strong>633</strong></span> <span class='ocrx_word' id='word_1_197' title='bbox 462 1843 546 1881; x_wconf 86' lang='lat' dir='ltr'><strong>sqq.</strong></span> <span class='ocrx_word' id='word_1_198' title='bbox 567 1831 620 1868; x_wconf 84' lang='lat' dir='ltr'><strong>sic</strong></span> <span class='ocrx_word' id='word_1_199' title='bbox 642 1837 773 1868; x_wconf 80' lang='lat' dir='ltr'><strong>extant</strong></span> <span class='ocrx_word' id='word_1_200' title='bbox 793 1831 832 1867; x_wconf 91' lang='lat' dir='ltr'><strong>in</strong></span> <span class='ocrx_word' id='word_1_201' title='bbox 853 1829 1005 1867; x_wconf 89' lang='lat' dir='ltr'><strong>Gembl.</strong></span> 
     </span>
    </p>
   </div>
   <div class='ocr_carea' id='block_1_4' title="bbox 276 1911 1438 2418">
    <p class='ocr_par' dir='ltr' id='par_1_10' title="bbox 380 1911 1324 1951">
     <span class='ocr_line' id='line_1_27' title="bbox 380 1911 1324 1951; baseline -0.002 0"><span class='ocrx_word' id='word_1_202' title='bbox 380 1913 555 1951; x_wconf 87' lang='lat' dir='ltr'><strong>Aduersa</strong></span> <span class='ocrx_word' id='word_1_203' title='bbox 584 1912 783 1950; x_wconf 87' lang='lat' dir='ltr'><strong>Euboicos</strong></span> <span class='ocrx_word' id='word_1_204' title='bbox 812 1912 970 1949; x_wconf 88' lang='lat' dir='ltr'><strong>miratur</strong></span> <span class='ocrx_word' id='word_1_205' title='bbox 1003 1911 1142 1949; x_wconf 82' lang='lat' dir='ltr'><strong>Grecia</strong></span> <span class='ocrx_word' id='word_1_206' title='bbox 1171 1919 1324 1950; x_wconf 89' lang='lat' dir='ltr'><strong>montes</strong></span> 
     </span>
    </p>

    <p class='ocr_par' dir='ltr' id='par_1_11' title="bbox 276 1977 1338 2094">
     <span class='ocr_line' id='line_1_28' title="bbox 380 1977 1338 2028; baseline -0.002 -12"><span class='ocrx_word' id='word_1_207' title='bbox 380 1979 432 2016; x_wconf 85' lang='lat' dir='ltr'><strong>Et</strong></span> <span class='ocrx_word' id='word_1_208' title='bbox 461 1979 623 2028; x_wconf 83' lang='lat' dir='ltr'><strong>genitrix</strong></span> <span class='ocrx_word' id='word_1_209' title='bbox 655 1978 771 2015; x_wconf 87' lang='lat' dir='ltr'><strong>Creta</strong></span> <span class='ocrx_word' id='word_1_210' title='bbox 800 1977 925 2015; x_wconf 89' lang='lat' dir='ltr'><strong>ciuem</strong></span> <span class='ocrx_word' id='word_1_211' title='bbox 955 1978 1086 2015; x_wconf 84' lang='lat' dir='ltr'><strong>sortita</strong></span> <span class='ocrx_word' id='word_1_212' title='bbox 1115 1977 1338 2015; x_wconf 83' lang='lat' dir='ltr'><strong>Tonantem</strong></span> 
     </span>
     <span class='ocr_line' id='line_1_29' title="bbox 276 2043 1317 2094; baseline -0.003 -12"><span class='ocrx_word' id='word_1_213' title='bbox 276 2047 352 2094; x_wconf 82' lang='lat'><strong>635</strong></span> <span class='ocrx_word' id='word_1_214' title='bbox 383 2045 575 2093; x_wconf 75' lang='lat' dir='ltr'><strong>Aegyptia</strong></span> <span class='ocrx_word' id='word_1_215' title='bbox 605 2056 746 2093; x_wconf 76' lang='lat' dir='ltr'><strong>cypros</strong></span> <span class='ocrx_word' id='word_1_216' title='bbox 775 2043 950 2092; x_wconf 81' lang='lat' dir='ltr'><strong>pulsatur</strong></span> <span class='ocrx_word' id='word_1_217' title='bbox 979 2043 1156 2080; x_wconf 85' lang='lat' dir='ltr'><strong>fluctibus</strong></span> <span class='ocrx_word' id='word_1_218' title='bbox 1188 2043 1317 2080; x_wconf 90' lang='lat' dir='ltr'><strong>omnis</strong></span> 
     </span>
    </p>

    <p class='ocr_par' dir='ltr' id='par_1_12' title="bbox 381 2109 1408 2162">
     <span class='ocr_line' id='line_1_30' title="bbox 381 2109 1408 2162; baseline -0.002 -15"><span class='ocrx_word' id='word_1_219' title='bbox 381 2110 538 2162; x_wconf 67' lang='lat' dir='ltr'><strong>Totque</strong></span> <span class='ocrx_word' id='word_1_220' title='bbox 568 2110 720 2162; x_wconf 78' lang='lat' dir='ltr'><strong>minora</strong></span> <span class='ocrx_word' id='word_1_221' title='bbox 751 2109 832 2146; x_wconf 86' lang='lat' dir='ltr'><strong>sola</strong></span> <span class='ocrx_word' id='word_1_222' title='bbox 861 2116 991 2146; x_wconf 84' lang='lat' dir='ltr'><strong>tamen</strong></span> <span class='ocrx_word' id='word_1_223' title='bbox 1022 2109 1258 2158; x_wconf 85' lang='lat' dir='ltr'><strong>emergentia</strong></span> <span class='ocrx_word' id='word_1_224' title='bbox 1285 2115 1408 2158; x_wconf 91' lang='lat' dir='ltr'><strong>ponto</strong></span> 
     </span>
    </p>

    <p class='ocr_par' dir='ltr' id='par_1_13' title="bbox 383 2174 1438 2223">
     <span class='ocr_line' id='line_1_31' title="bbox 383 2174 1438 2223; baseline 0 -11"><span class='ocrx_word' id='word_1_225' title='bbox 383 2175 532 2212; x_wconf 87' lang='lat' dir='ltr'><strong>Littora</strong></span> <span class='ocrx_word' id='word_1_226' title='bbox 561 2181 597 2212; x_wconf 89' lang='lat' dir='ltr'><strong>et</strong></span> <span class='ocrx_word' id='word_1_227' title='bbox 626 2174 795 2223; x_wconf 84' lang='lat' dir='ltr'><strong>aequalis</strong></span> <span class='ocrx_word' id='word_1_228' title='bbox 824 2174 988 2212; x_wconf 82' lang='lat' dir='ltr'><strong>ciclades</strong></span> <span class='ocrx_word' id='word_1_229' title='bbox 1017 2174 1208 2223; x_wconf 89' lang='lat' dir='ltr'><strong>delonque</strong></span> <span class='ocrx_word' id='word_1_230' title='bbox 1237 2174 1438 2223; x_wconf 89' lang='lat' dir='ltr'><strong>rodonque</strong></span> 
     </span>
    </p>

    <p class='ocr_par' dir='ltr' id='par_1_14' title="bbox 383 2239 1417 2289">
     <span class='ocr_line' id='line_1_32' title="bbox 383 2239 1417 2289; baseline -0.001 -12"><span class='ocrx_word' id='word_1_231' title='bbox 383 2240 599 2289; x_wconf 85' lang='lat' dir='ltr'><strong>Aulidaque</strong></span> <span class='ocrx_word' id='word_1_232' title='bbox 628 2247 665 2276; x_wconf 90' lang='lat' dir='ltr'><strong>et</strong></span> <span class='ocrx_word' id='word_1_233' title='bbox 694 2239 878 2278; x_wconf 88' lang='lat' dir='ltr'><strong>tenodum</strong></span> <span class='ocrx_word' id='word_1_234' title='bbox 908 2240 1109 2289; x_wconf 87' lang='lat' dir='ltr'><strong>uicinaque</strong></span> <span class='ocrx_word' id='word_1_235' title='bbox 1138 2239 1284 2277; x_wconf 88' lang='lat' dir='ltr'><strong>corsica</strong></span> <span class='ocrx_word' id='word_1_236' title='bbox 1311 2240 1417 2277; x_wconf 88' lang='lat' dir='ltr'><strong>terris</strong></span> 
     </span>
    </p>

    <p class='ocr_par' dir='ltr' id='par_1_15' title="bbox 325 2299 1335 2354">
     <span class='ocr_line' id='line_1_33' title="bbox 325 2299 1335 2354; baseline 0 -12"><span class='ocrx_word' id='word_1_237' title='bbox 325 2299 335 2308; x_wconf 72' lang='lat'><em>⁰</em></span> <span class='ocrx_word' id='word_1_238' title='bbox 383 2306 531 2342; x_wconf 81' lang='lat' dir='ltr'><strong>Liltora</strong></span> <span class='ocrx_word' id='word_1_239' title='bbox 560 2305 749 2343; x_wconf 85' lang='lat' dir='ltr'><strong>sardiniae</strong></span> <span class='ocrx_word' id='word_1_240' title='bbox 778 2306 943 2354; x_wconf 90' lang='lat' dir='ltr'><strong>primum</strong></span> <span class='ocrx_word' id='word_1_241' title='bbox 974 2305 1146 2342; x_wconf 81' lang='lat' dir='ltr'><strong>intrantis</strong></span> <span class='ocrx_word' id='word_1_242' title='bbox 1174 2305 1213 2341; x_wconf 94' lang='lat' dir='ltr'><strong>in</strong></span> <span class='ocrx_word' id='word_1_243' title='bbox 1241 2305 1335 2342; x_wconf 85' lang='lat' dir='ltr'><strong>orbe</strong></span> 
     </span>
    </p>

    <p class='ocr_par' dir='ltr' id='par_1_16' title="bbox 279 2370 1373 2418">
     <span class='ocr_line' id='line_1_34' title="bbox 279 2370 1373 2418; baseline -0.002 -8"><span class='ocrx_word' id='word_1_244' title='bbox 279 2374 355 2418; x_wconf 78' lang='lat'><strong>640</strong></span> <span class='ocrx_word' id='word_1_245' title='bbox 387 2371 554 2410; x_wconf 78' lang='lat' dir='ltr'><strong>Occeani</strong></span> <span class='ocrx_word' id='word_1_246' title='bbox 583 2371 777 2409; x_wconf 80' lang='lat' dir='ltr'><strong>uictricem</strong></span> <span class='ocrx_word' id='word_1_247' title='bbox 805 2371 966 2408; x_wconf 85' lang='lat' dir='ltr'><strong>ebusum</strong></span> <span class='ocrx_word' id='word_1_248' title='bbox 996 2378 1033 2408; x_wconf 91' lang='lat' dir='ltr'><strong>et</strong></span> <span class='ocrx_word' id='word_1_249' title='bbox 1061 2370 1247 2408; x_wconf 80' lang='lat' dir='ltr'><strong>balearica</strong></span> <span class='ocrx_word' id='word_1_250' title='bbox 1275 2382 1373 2408; x_wconf 87' lang='lat' dir='ltr'><strong>rura.</strong></span> 
     </span>
    </p>
   </div>
   <div class='ocr_carea' id='block_1_5' title="bbox 224 2451 1616 2569">
    <p class='ocr_par' dir='ltr' id='par_1_17' title="bbox 224 2451 1616 2569">
     <span class='ocr_line' id='line_1_35' title="bbox 281 2451 1616 2503; baseline 0.001 -14"><span class='ocrx_word' id='word_1_251' title='bbox 281 2455 356 2502; x_wconf 80' lang='lat'><strong>634</strong></span> <span class='ocrx_word' id='word_1_252' title='bbox 388 2453 504 2492; x_wconf 82' lang='lat' dir='ltr'><strong>Creta</strong></span> <span class='ocrx_word' id='word_1_253' title='bbox 533 2453 704 2491; x_wconf 73' lang='lat' dir='ltr'><strong>Vosszizni</strong></span> <span class='ocrx_word' id='word_1_254' title='bbox 732 2453 820 2492; x_wconf 81' lang='lat' dir='ltr'><strong>Cus.</strong></span> <span class='ocrx_word' id='word_1_255' title='bbox 876 2461 1019 2501; x_wconf 73' lang='lat' dir='ltr'><strong>cretem</strong></span> <span class='ocrx_word' id='word_1_256' title='bbox 1046 2466 1077 2491; x_wconf 95' lang='lat' dir='ltr'><strong>o.</strong></span> <span class='ocrx_word' id='word_1_257' title='bbox 1134 2454 1211 2501; x_wconf 86' lang='lat'><strong>635</strong></span> <span class='ocrx_word' id='word_1_258' title='bbox 1240 2453 1293 2489; x_wconf 80' lang='lat' dir='ltr'><strong>sic</strong></span> <span class='ocrx_word' id='word_1_259' title='bbox 1322 2451 1436 2490; x_wconf 79' lang='lat' dir='ltr'><strong>Voss.‘-&#39;</strong></span> <span class='ocrx_word' id='word_1_260' title='bbox 1457 2458 1491 2491; x_wconf 84' lang='lat' dir='ltr'><strong>et</strong></span> <span class='ocrx_word' id='word_1_261' title='bbox 1510 2453 1616 2503; x_wconf 81' lang='lat' dir='ltr'><strong>Lips.</strong></span> 
     </span>
     <span class='ocr_line' id='line_1_36' title="bbox 224 2517 1616 2569; baseline -0.001 -12"><span class='ocrx_word' id='word_1_262' title='bbox 224 2519 399 2558; x_wconf 81' lang='lat' dir='ltr'><strong>Pulsatur</strong></span> <span class='ocrx_word' id='word_1_263' title='bbox 420 2518 556 2569; x_wconf 89' lang='lat' dir='ltr'><strong>Cipros</strong></span> <span class='ocrx_word' id='word_1_264' title='bbox 581 2519 737 2568; x_wconf 83' lang='lat' dir='ltr'><strong>Egiptia</strong></span> <span class='ocrx_word' id='word_1_265' title='bbox 764 2519 939 2558; x_wconf 74' lang='lat' dir='ltr'><strong>fiuctibus</strong></span> <span class='ocrx_word' id='word_1_266' title='bbox 966 2519 1093 2557; x_wconf 91' lang='lat' dir='ltr'><strong>omnis</strong></span> <span class='ocrx_word' id='word_1_267' title='bbox 1123 2518 1234 2557; x_wconf 79' lang='lat' dir='ltr'><strong>Voss.¹</strong></span> <span class='ocrx_word' id='word_1_268' title='bbox 1257 2517 1345 2556; x_wconf 81' lang='lat' dir='ltr'><strong>Cus.</strong></span> <span class='ocrx_word' id='word_1_269' title='bbox 1365 2531 1395 2556; x_wconf 93' lang='lat' dir='ltr'><strong>o.</strong></span> <span class='ocrx_word' id='word_1_270' title='bbox 1450 2519 1616 2569; x_wconf 73' lang='lat' dir='ltr'><strong>Aegypti</strong></span> 
     </span>
    </p>
   </div>
  </div>
 </body>
</html>
