1786 2878
824 129 884 160 JV
1464 130 1543 172 147

158 238 291 277 adtulit
311 237 585 288 Nettleshipius
605 238 642 276 in
663 239 758 276 libro
774 250 887 288 quem
908 238 1025 276 modo
1045 238 1161 277 edidit
1177 237 1485 278 ‘Contributions
1506 246 1545 278 to

158 303 271 341 Latin
292 303 586 354 Lexicography
600 303 608 316 '
630 317 666 353 p.
687 316 777 353 409.

210 369 280 408 IV.
305 379 486 418 755—757
510 370 563 406 sic
585 375 716 406 extant
735 370 774 406 in
795 367 948 406 Gembl.
1009 414 1013 418 ῃ

318 434 493 472 Euxinus
523 434 708 472 Scithicos
737 442 878 484 pontus
908 435 1079 472 sinuatus
1107 435 1146 471 in
1176 447 1284 472 arcus

319 500 399 537 Sub
427 500 589 549 geminis
617 506 654 537 te
684 499 812 537 Phebe
841 500 930 537 colit
958 507 1045 548 post
1074 500 1231 537 brachia
1259 499 1382 538 fratris

317 564 485 602 Vltimus
515 573 551 602 et
579 565 721 604 solidos
751 565 910 614 Ganges
939 572 976 602 et
1004 565 1201 602 transcolit
1230 566 1341 603 India
1369 578 1517 604 cancer.

212 643 287 690 756
316 642 405 679 bost
430 642 543 679 Voss.2
601 651 620 690 7
628 651 675 690 57
697 643 751 679 sz'c
770 642 867 678 codd.
888 643 1074 690 nz'sz'quod
1096 642 1208 679 Voss.2
1222 642 1329 680 habet
1342 643 1544 689 transrolit‚

165 705 276 745 Voss}
297 707 345 744 V.
366 713 403 744 et
421 719 567 757 ganges
587 714 622 745 et
642 713 677 744 te
697 707 786 745 colit
806 707 911 744 india
930 719 1079 745 cancer.

211 772 345 810 Scribo

317 838 398 875 Sub
427 837 603 875 Geminis
633 844 681 884 te,
710 837 876 883 Phoebe,
907 837 1021 883 colit3
1064 844 1161 887 post,
1192 837 1347 876 brachia
1378 837 1500 876 fratris

316 902 481 940 Vltimus
509 910 546 940 et
576 902 734 951 Ganges
763 910 799 941 et
828 910 931 940 trans
960 903 1051 940 colit
1080 903 1189 940 India
1220 903 1397 952 Gangen,

153 978 190 1016 h.
212 990 242 1015 e.
263 986 350 1028 post
374 986 409 1016 te
439 978 563 1016 fratris
592 979 644 1016 tui
667 978 881 1029 (Herculis)
903 979 1058 1017 brachia
1088 979 1177 1017 colit
1206 986 1243 1016 et
1273 979 1432 1029 Ganges
1461 980 1544 1017 ulti-

153 1056 238 1081 mus
269 1051 307 1081 et
340 1044 451 1081 India
478 1051 582 1081 trans
613 1044 791 1093 Gangen.
848 1043 991 1082 Solz'dos
1015 1057 1061 1082 ex
1090 1046 1175 1081 colit
1200 1045 1264 1081 hos
1293 1045 1544 1094 deprauatum

153 1123 260 1148 reor:
282 1110 321 1148 id
341 1122 429 1148 cum
450 1111 552 1160 prius
573 1123 685 1160 super
703 1110 851 1160 Ganges
867 1112 1050 1161 scripturn
1066 1110 1209 1156 fuisset,
1224 1123 1314 1149 mox
1335 1112 1374 1148 in
1390 1124 1545 1149 uersum

149 1176 255 1213 uenit
292 1175 361 1214 sed
400 1183 621 1225 corruptum
658 1176 697 1212 in
733 1177 876 1213 solidos.
935 1176 1081 1214 Pendet
1114 1176 1209 1214 haec
1243 1177 1462 1214 coniectura
1496 1189 1542 1213 ex

150 1240 284 1278 Huetii
321 1240 578 1285 adnotatione,
614 1253 690 1290 qua
731 1241 843 1279 docet
886 1240 1074 1279 Geminos
1112 1242 1232 1279 modo
1264 1241 1467 1279 Castorem
1507 1248 1543 1279 et

150 1305 358 1352 Pollucem,
398 1306 517 1343 modo
555 1306 777 1356 Apollinem
824 1313 861 1344 et
910 1306 1119 1344 Herculem
1166 1307 1401 1344 existimatos
1449 1318 1544 1344 esse.

149 1370 296 1408 Poteris
322 1378 452 1408 tamen
479 1371 586 1408 aliter
605 1372 841 1420 interpretari
871 1372 924 1409 sic
939 1384 947 1417 3
982 1371 1155 1409 Euxinus
1176 1372 1321 1409 Pontus
1342 1371 1543 1409 Phoebum

148 1436 249 1482 colit,
267 1436 446 1474 eumdem
462 1436 592 1474 colunt
608 1437 695 1474 Indi
717 1437 768 1474 cis
782 1444 817 1474 et
831 1445 935 1475 trans
952 1436 1128 1487 Gangen,
1143 1437 1194 1474 ita
1206 1443 1336 1474 tamen
1358 1445 1397 1474 ut
1418 1438 1544 1486 potius

150 1501 362 1539 Herculem
382 1508 621 1539 uenerentur.
678 1501 821 1539 Versus
850 1514 972 1552 genus
1002 1515 1048 1539 ex
1070 1505 1190 1540 Arato
1220 1503 1392 1552 petitum,
1422 1502 1542 1540 Phae-

149 1579 254 1604 nom.
276 1579 349 1615 301
374 1570 481 1613 Τόξον
500 1568 549 1603 ὅτ’
571 1567 683 1612 ἠέλιος
703 1566 785 1603 καίει
805 1569 857 1603 καὶ
875 1568 1002 1616 ῥύτορα
1021 1569 1136 1613 τόξου,

202 1632 271 1669 IV.
295 1641 451 1680 773-77
460 1641 480 1679 5
505 1632 558 1670 sic
579 1637 709 1669 extant
729 1633 767 1669 in
788 1632 941 1670 Gembl.

311 1708 543 1758 Hesperiam
573 1710 644 1746 sub
672 1709 766 1746 libra
794 1715 896 1746 tenet
926 1721 1001 1758 qua
1031 1709 1185 1747 condita
1215 1709 1343 1748 Roma

312 1773 428 1812 Orbis
456 1781 494 1811 et
524 1775 683 1824 imperia
711 1775 847 1812 retinet
877 1775 1098 1812 discrimina
1127 1787 1253 1811 rerum

308 1839 502 1877 Lancibus
531 1846 568 1877 et
596 1840 731 1889 positis
758 1846 892 1889 gentes
921 1840 1090 1889 tollitque
1119 1841 1347 1890 premitque.

205 1924 280 1964 773
311 1916 382 1953 sub
415 1916 503 1954 Cas.
524 1929 542 1952 0
572 1916 641 1953 sibi
673 1915 783 1953 Voss}
841 1928 908 1953 sua
939 1914 1053 1953 Voss.²
1111 1925 1185 1964 774
1217 1916 1419 1966 imperium
1452 1915 1540 1954 Cus.

157 1980 267 2017 Voss.¹
288 1981 352 2018 bo.
411 1990 487 2030 775
518 1981 663 2031 positas
686 1980 773 2019 Cus.
805 1981 976 2018 Vossianz'
992 1981 1052 2018 bo.

203 2046 360 2095 Optime
389 2047 556 2084 Iacobus
585 2046 702 2083 edidit
735 2046 846 2083 Orbis
875 2051 908 2083 et
940 2047 1120 2095 insperz'o:
1156 2047 1271 2084 etiam
1304 2046 1366 2083 hic
1397 2059 1416 2082 0
1447 2048 1484 2083 in
1517 2060 1541 2083 α

146 2111 354 2161 deprauata
377 2119 445 2149 est.
495 2111 571 2149 Sed
589 2124 625 2149 u.
641 2120 717 2159 775
732 2119 876 2161 quanto
900 2112 1035 2149 melius
1056 2111 1211 2149 Gembl.
1224 2113 1358 2160 positis
1377 2113 1541 2149 seruauit

147 2189 264 2226 quam
286 2177 398 2215 ceteri
415 2178 569 2215 codices
579 2177 749 2226 positas!
805 2177 897 2213 nihil
917 2176 980 2214 illo
999 2176 1136 2223 uerius,
1156 2176 1248 2214 nihil
1269 2177 1342 2215 hoc
1364 2177 1539 2228 ineptius.

203 2248 270 2285 IV.
293 2250 473 2297 778-781
499 2249 552 2286 sic
573 2255 704 2286 extant
725 2248 763 2285 in
784 2247 938 2286 Gembl.

311 2314 472 2352 Inferius
500 2314 622 2352 uictae
652 2314 755 2351 sidus
785 2313 1015 2362 carthaginis
1044 2326 1152 2352 arces

310 2379 361 2416 Et
389 2379 519 2416 libiam
548 2379 739 2428 egiptique
768 2371 873 2415 latus*
895 2379 1113 2428 donataque
1143 2392 1228 2416 rura

312 2443 522 2483 Thirrenas
549 2445 714 2482 lacrimis
742 2444 908 2482 radiatus
937 2445 1107 2494 scorpius
1136 2457 1240 2481 arces

310 2509 430 2547 Eruit.

816 2585 839 2610 L
863 2585 881 2609 2
