1786 2878
261 201 315 232 20
676 195 871 228 NOCTES
900 194 1233 226 MANJLIANAE

258 314 415 353 uinculo
445 313 555 360 dicat,
575 318 689 362 neget
709 320 837 351 autem
859 311 930 349 nisi
955 311 1050 350 deus
1071 312 1243 362 corporis
1269 311 1451 350 custodiis
1474 311 1655 350 leuauerit

259 381 405 419 aditum
426 379 513 417 illuc
536 379 715 429 cuiquam
737 386 866 428 patere
892 377 971 427 (15.
993 377 1070 426 15).
1129 378 1205 416 Sed
1233 390 1312 415 non
1334 378 1435 415 idem
1462 385 1518 416 est
1536 383 1658 416 terrae

259 447 425 491 remissa,
458 451 499 482 ut
539 444 764 482 Gronouius
802 443 948 494 putauit
987 441 1168 493 (Obseru.
1199 444 1221 480 i.
1249 443 1326 495 11),
1356 443 1461 494 quod
1499 456 1521 481 a
1558 450 1657 481 terra

260 512 428 556 remissa,
446 511 554 548 cuius
576 516 786 548 structurae
807 509 952 546 nullum
975 509 1064 546 satis
1084 509 1267 547 idoneum
1288 517 1391 547 extat
1412 509 1657 559 exemplum:

259 585 315 615 est
354 577 483 627 potius
521 576 810 613 excusationem
843 574 1023 611 habentia
1051 574 1206 613 ulterius
1245 576 1284 612 in
1322 575 1431 612 terris
1469 575 1660 620 morandi,

261 643 449 681 ‘excused
475 642 538 679 the
565 639 694 679 earth.'
754 641 893 679 Similis
915 646 971 677 est
991 652 1083 677 usus
1104 641 1219 678 datiui
1239 640 1343 690 apud
1364 641 1489 678 Tacit.
1511 641 1613 677 Arm.
1635 641 1658 677 i.

266 722 309 746 12
339 721 565 757 nequaquam
588 708 752 745 decorum
774 707 919 756 pudori
934 718 998 742 suo
1017 706 1131 754 legere
1150 707 1300 756 alt'quz‘d
1315 711 1382 743 aul
1398 708 1535 743 euitare
1554 719 1604 744 ex
1623 718 1661 742 eo

261 776 328 811 cuz‘
342 776 380 811 z'n
400 775 614 811 uniuersum
635 774 820 811 excusari
835 772 967 809 mallet.
1030 771 1134 810 Nam
1160 780 1200 809 ut
1221 772 1271 809 ibi
1295 780 1499 809 excusatur
1522 771 1660 821 aliquis

261 840 315 877 rei
349 840 414 890 qui
447 851 533 876 eam
572 839 678 876 obire
716 850 796 876 non
830 839 990 887 cogitur,
1026 839 1079 876 sic
1110 828 1162 875 in'
1181 837 1329 875 Manilii
1360 849 1472 875 uersu
1503 837 1662 874 nomina

261 907 416 942 remissa
447 905 623 942 dicuntur
655 908 775 941 terrae
806 916 905 953 quae
938 904 1227 942 excusationem
1260 903 1404 940 habent
1438 915 1486 940 ne
1520 903 1559 939 in
1590 902 1662 940 hae

263 971 403 1009 diutius
432 976 692 1008 coerceantur.
752 969 914 1007 Inuersa
935 977 1121 1008 structura
1145 968 1292 1006 Seneca
1313 968 1498 1006 Controu.
1519 968 1579 1005 vii.
1603 969 1662 1013 16,

261 1048 300 1085 p.
322 1037 396 1083 184
418 1035 583 1073 Bursian
604 1035 695 1072 dixit
716 1035 869 1072 culleum
901 1035 1000 1072 mihi
1023 1035 1160 1072 remille
1184 1047 1253 1085 pro
1277 1034 1452 1084 permitte
1477 1046 1525 1072 ne
1545 1033 1663 1083 parri-

262 1101 371 1140 cidae
391 1108 515 1139 morte
535 1113 704 1151 peream.

318 1167 348 1204 I.
372 1169 460 1215 765,
484 1168 506 1203 6

753 1219 1012 1271 Danaumque
1041 1220 1090 1258 ad
1120 1220 1310 1270 Pergama
1339 1232 1448 1270 reges

373 1286 536 1328 †Castra
565 1285 707 1324 ducum
737 1292 774 1324 et
804 1286 900 1324 caeli
929 1287 1149 1336 uictamque
1179 1287 1249 1323 sub
1280 1285 1452 1324 Hectore
1481 1285 1654 1324 Troiam.

268 1352 365 1389 Sunt
394 1353 533 1401 quibus
553 1364 645 1389 uera
664 1351 838 1390 uideatur
865 1351 1026 1389 Bentleii
1056 1351 1280 1389 emendatio
1306 1351 1541 1389 Assaracum
1562 1356 1669 1401 alque

266 1418 367 1455 Ilum
385 1422 563 1467 lotamque
574 1418 639 1455 sub
653 1417 811 1454 Heclore
829 1416 993 1455 Troiam.
1022 1417 1148 1455 Nobis
1166 1429 1324 1467 quoque
1341 1417 1454 1454 ualde
1471 1417 1669 1468 placuerat

266 1485 435 1534 primum
459 1484 615 1532 cognita
630 1496 640 1530 ;
670 1490 758 1533 post
779 1483 996 1533 diligentius
1025 1483 1271 1533 exigentibus
1300 1495 1380 1520 non
1410 1489 1561 1521 tantum
1591 1489 1669 1520 arte

266 1550 453 1588 excellere
474 1555 661 1599 quantum
691 1549 807 1597 longe
828 1548 1034 1586 abhorrere
1055 1561 1077 1586 a
1097 1561 1191 1586 uero
1212 1548 1295 1586 uisa
1315 1556 1383 1586 est.
1429 1548 1535 1595 Quid
1565 1548 1668 1586 enim

266 1615 328 1652 hic
362 1615 507 1652 faciunt
536 1614 686 1663 Ilusque
714 1614 999 1663 Assaracusque
1028 1619 1062 1651 el
1097 1614 1231 1651 Troiae
1260 1614 1474 1651 Dardanus
1506 1616 1671 1651 auctor?

267 1680 457 1730 Loquitur
496 1692 588 1717 sane
627 1680 809 1717 Manilius
844 1680 893 1718 de
927 1680 1121 1726 Troianis,
1155 1680 1221 1717 sed
1260 1680 1542 1718 decertantibus
1581 1692 1669 1718 cum

268 1746 378 1784 hoste
398 1758 469 1795 pro
489 1745 611 1782 Troia
640 1757 731 1791 sua3
763 1745 857 1782 nihil
886 1745 935 1782 ad
964 1757 1044 1782 rem
1074 1744 1143 1782 fuit
1172 1745 1232 1782 hic
1262 1746 1419 1795 stirpem
1448 1758 1583 1795 regum
1613 1746 1670 1782 in-

269 1812 419 1849 ducere.
478 1810 554 1847 Sed
575 1823 623 1848 ne
644 1810 966 1860 palaeographiae
997 1810 1154 1860 quidem
1185 1810 1334 1859 legibus
1364 1811 1471 1849 omni
1491 1823 1539 1848 ex
1563 1818 1670 1860 parte

269 1877 489 1927 respondet.
547 1876 657 1921 Esto,
687 1875 831 1913 factum
866 1876 912 1913 sit
952 1876 1090 1913 Castra
1119 1876 1251 1913 ducum
1279 1889 1327 1914 ex
1357 1876 1603 1923 Assaracum,
1633 1884 1671 1914 at

270 1942 470 1993 quomodo
492 1954 680 1986 ATQJLVM
706 1953 754 1978 ex
779 1954 944 1980 ETCAELI
973 1941 1035 1978 uel
1065 1954 1258 1979 ETCAELIV
1286 1942 1596 1992 extorquendum
1626 1943 1674 1980 sit

272 2019 396 2056 neque
437 2007 645 2045 Stoeberus
684 2007 867 2044 intellexit
906 2019 1035 2056 neque
1073 2019 1147 2056 ego
1186 2007 1388 2057 perspicio.
1448 2007 1611 2057 Propius
1651 2020 1673 2045 a

271 2073 402 2111 litteris
433 2073 584 2111 abesset
613 2072 919 2122 Assaracumque
949 2072 1010 2109 Ili
1035 2079 1076 2110 ut
1111 2085 1158 2110 ex
1191 2072 1249 2110 Ilo
1278 2072 1490 2111 Assaracus
1524 2074 1675 2123 genitus

273 2139 470 2177 diceretur.
528 2138 730 2176 Postremo
750 2143 859 2176 lolam
881 2139 952 2176 sub
984 2138 1155 2176 Hectore
1182 2138 1344 2176 Troiam
1373 2139 1469 2176 mire
1490 2138 1675 2177 Manilius

273 2205 369 2242 dixit
398 2204 562 2243 Homeri
592 2216 747 2241 uersum
777 2204 985 2253 respiciens
1017 2204 1060 2241 11.
1080 2204 1126 2241 vi.
1150 2216 1225 2252 403
1249 2202 1318 2242 οἶος
1336 2206 1403 2253 γὰρ
1429 2204 1545 2252 ἐρύετο
1566 2205 1677 2241 Ἴλιον

265 2271 413 2317 Ἕκτωρ,
431 2282 520 2308 cum
540 2269 691 2320 planius
712 2282 756 2307 ac
779 2270 915 2307 melius
935 2274 1050 2307 lutam
1072 2269 1124 2320 (ii.
1146 2268 1187 2319 3)
1209 2270 1377 2308 dicturus
1397 2276 1495 2307 esset
1513 2282 1520 2307 :
1551 2282 1676 2320 neque

274 2336 372 2373 ullus
405 2335 583 2373 codicum
614 2340 723 2372 lolam
767 2335 935 2381 exhibet,
968 2335 1034 2373 sed
1076 2347 1212 2373 omnes
1255 2336 1403 2372 uz'clam.
1460 2334 1606 2373 Verum
1636 2343 1677 2373 ut

274 2402 462 2439 incertum
483 2413 545 2438 me
565 2400 679 2438 habet
701 2400 927 2438 Bentleiana
948 2401 1180 2447 emendatio,
1202 2401 1252 2439 ita
1272 2400 1364 2437 nihil
1385 2401 1551 2450 suppetit
1571 2401 1677 2451 quod

276 2467 324 2504 de
344 2478 433 2505 meo
453 2466 657 2516 proferam.
715 2465 970 2516 Temptaram

668 2544 813 2571 CASTRA
843 2545 971 2571 nvcvm
1000 2545 1205 2577 Exsuovms

277 2598 384 2636 cuius
414 2611 518 2637 nunc
548 2610 610 2636 me
641 2598 817 2648 paenitet.
