1786 2878
258 156 273 182 1
281 155 337 183 00
666 151 732 182 NO
739 151 765 182 C
771 150 802 182 T
799 150 832 182 E
835 152 862 182 S
890 151 963 182 MA
970 151 1106 182 NJLJA
1112 151 1179 182 NA
1186 152 1218 182 E

305 257 378 295 111.
401 266 583 305 495—502
608 257 659 294 sic
681 264 810 294 extant
834 257 870 293 in
893 256 1047 295 Gembl.

307 333 384 371 495
415 322 520 360 Tum
549 334 628 372 quo
658 322 840 359 subsistet
870 335 1052 360 numerus
1081 329 1332 372 consumptus
1361 322 1400 359 in
1429 328 1532 360 astro

414 387 552 434 Quane
582 387 619 424 in
648 394 751 437 parte
781 399 889 424 suam
917 399 1110 425 summam
1140 388 1363 438 numerique
1394 387 1543 437 reliquit

411 452 523 490 Haec
554 452 622 490 erit
651 452 825 489 exoriens
854 460 891 489 et
921 465 1010 502 pars
1033 460 1070 490 et
1107 453 1228 491 forma
1258 465 1325 502 per
1354 453 1462 502 ignes

411 518 618 555 Contincat
646 524 773 567 partes
802 518 868 554 ubi
898 530 1088 555 summam
1119 518 1248 556 fecerit
1278 531 1397 555 unam

412 582 601 620 Tricenas
630 582 738 619 dabis
767 595 814 620 ex
844 582 907 619 illa
935 595 1002 632 per
1031 584 1180 633 singula
1209 584 1320 631 signa

306 657 383 695 500
414 647 552 685 Donec
583 648 732 685 deficiat
761 660 943 685 numerus
973 660 1165 698 quamque
1195 649 1256 686 ille
1287 649 1358 686 sub
1387 648 1497 686 astris

410 712 521 750 Parte
551 712 663 750 cadet
692 713 824 750 credas
854 713 957 749 illam
987 725 1075 750 cum
1105 726 1266 763 corpore
1296 721 1427 751 natam

409 778 506 816 Esse
536 777 705 815 hominis
735 779 948 827 pariterque
977 779 1110 816 orbem
1139 779 1282 817 uidisse
1311 791 1380 828 per
1408 779 1527 827 ignes.

304 854 381 892 495
413 843 513 881 Cum
556 843 644 881 Cus.
693 843 867 881 Vossianz‘
898 844 918 881 b
948 857 966 881 0
1007 843 1111 881 Tum
1150 845 1201 883 ed.
1240 843 1473 893 Regz'omonl.
1564 845 1640 892 496

247 909 474 959 numerique
506 908 595 946 Cus.
624 907 737 947 Voss?
756 909 812 946 ob
840 921 1123 959 numerumque
1153 908 1264 947 Voss.l
1291 909 1440 958 reliquit
1472 908 1560 947 Cus.
1582 922 1640 947 re-

1099 973 1121 993 U

247 1006 383 1055 linquit
422 1006 595 1043 Vossz'am·
616 1019 634 1043 ο
655 1006 685 1044 b.
763 1016 837 1054 497
871 1007 968 1056 ignis
997 1019 1016 1044 0
1035 1007 1056 1044 b
1086 1006 1190 1044 foma
1219 1006 1240 1044 b
1271 1019 1406 1044 norma
1435 1006 1641 1044 Brez'lerus.

249 1074 326 1120 498
347 1084 499 1109 summa
529 1071 641 1109 Voss.2
663 1071 752 1109 Cus.
774 1072 942 1110 foecerat
961 1085 980 1109 ο
1000 1084 1120 1109 unum
1147 1071 1235 1109 Cus.
1266 1072 1438 1109 Vossiani
1452 1085 1569 1109 unam
1586 1073 1606 1108 b
1622 1084 1642 1108 0

247 1137 382 1174 feceris
411 1135 595 1186 Scalzgrer.
665 1147 741 1185 500
772 1149 924 1187 quaque
957 1137 1044 1175 Cus.
1085 1136 1196 1176 Voss.¹
1226 1138 1247 1175 b
1266 1150 1285 1174 0
1323 1150 1397 1186 que
1436 1137 1549 1174 Voss.²
1578 1137 1641 1174 illa

257 1202 429 1239 Vossz’anz'
453 1202 517 1240 bo.
576 1212 649 1249 501
684 1202 795 1240 cadet
834 1203 1008 1240 Vossianz'
1035 1201 1124 1240 Cus.
1155 1202 1267 1240 cadat
1295 1202 1315 1239 b
1338 1215 1368 1240 0.
1426 1212 1500 1250 502
1532 1202 1642 1240 uides

246 1279 398 1316 semper
416 1268 525 1316 ignes
555 1266 667 1305 Voss.2

302 1331 533 1382 Scrupulum
561 1333 690 1371 iniecit
716 1345 752 1371 u.
782 1335 858 1381 496
888 1332 1083 1382 Scaligero
1110 1333 1264 1382 neganti
1294 1345 1406 1382 posse
1436 1344 1641 1370 numerum

246 1397 318 1434 dici
348 1409 457 1435 suam
483 1399 710 1447 numerique
744 1410 935 1436 summam
967 1399 1190 1447 relinquere.
1248 1398 1385 1448 Itaque
1415 1400 1565 1435 numeri
1593 1411 1641 1435 ex

244 1476 376 1499 numen
395 1463 569 1500 uitiatum
589 1471 703 1510 ratus,
726 1463 799 1500 hoc
820 1464 859 1500 in
880 1476 1016 1500 momen
1036 1464 1257 1512 refingebat.
1319 1463 1459 1501 Melius
1480 1463 1642 1500 Manilio

246 1540 317 1566 suo
341 1528 530 1566 consuluit
563 1528 731 1567 Huetius
752 1541 841 1566 cum
861 1542 998 1574 nomen,
1021 1529 1100 1565 siue
1120 1529 1169 1566 ab
1190 1541 1230 1566 se
1251 1528 1464 1577 profectum
1485 1529 1565 1565 siue
1592 1529 1641 1565 ab

245 1593 331 1638 alio,
353 1593 401 1630 ad
427 1594 594 1631 rationes
623 1600 660 1631 et
688 1593 856 1632 calculos
885 1600 1094 1631 reuocaret.
1142 1593 1260 1630 Nihili
1286 1593 1415 1643 pendo
1436 1592 1640 1630 Vossiani¹

245 1671 514 1707 numerumque,
536 1659 607 1696 nisi
629 1659 733 1708 quod
758 1659 994 1708 probabilius
1013 1658 1101 1696 hinc
1123 1659 1163 1695 fit
1183 1660 1404 1707 numerique.
1452 1658 1642 1704 Quamuis

246 1724 349 1760 enirn
388 1722 550 1760 Manilio
582 1724 882 1761 abiudicandum
913 1724 959 1760 sit
996 1737 1070 1772 qua
1107 1725 1147 1760 in
1174 1728 1287 1773 parte
1322 1737 1497 1760 numerus
1535 1736 1640 1760 suam

243 1801 423 1825 summam
447 1801 706 1837 numerumque
731 1790 916 1837 relinquit,
938 1800 1018 1826 non
1045 1789 1145 1826 cadit
1169 1789 1243 1826 hoc
1268 1789 1305 1825 in
1331 1802 1436 1825 suam
1460 1802 1641 1825 summam

245 1855 467 1902 numerique,
488 1865 575 1890 cum
597 1855 809 1902 numerique
828 1854 882 1890 eis
915 1853 1010 1891 locis
1030 1853 1251 1890 addendum
1281 1854 1328 1890 sit
1355 1854 1495 1903 quibus
1521 1854 1640 1903 expli-

245 1919 359 1956 candi
379 1919 458 1955 uim
477 1931 543 1967 que
563 1918 702 1956 habeat
722 1920 801 1956 siue
826 1918 1044 1964 definiendi,
1065 1918 1278 1956 cuiusmodi
1299 1926 1388 1956 sunt
1409 1919 1508 1957 Aen.
1528 1919 1564 1956 ii.
1592 1932 1638 1967 19

245 1997 427 2021 cauernas
453 1983 623 2032 Ingentes
648 1988 857 2032 ulerumque
882 1990 918 2021 et
945 1984 1092 2029 similia,
1115 1984 1176 2020 ‘in
1197 1983 1386 2022 whatever
1411 1984 1550 2033 degree
1578 1983 1641 2021 the

246 2049 411 2086 number
442 2048 567 2086 leaves
601 2048 647 2086 its
681 2049 784 2093 total,
816 2048 897 2086 that
935 2049 977 2095 is,
1008 2048 1071 2086 the
1105 2055 1266 2086 amount
1300 2049 1326 2086 it
1360 2049 1519 2087 reaches
1547 2061 1589 2086 as
1618 2061 1641 2087 a

244 2112 428 2151 number!
484 2113 588 2150 Nam
627 2114 657 2151 si
695 2127 809 2150 cauae
830 2143 837 2151 .
859 2143 867 2151 .
888 2143 896 2152 .
917 2127 1109 2160 cauernae,
1149 2126 1264 2151 cauas
1285 2143 1292 2150 .
1313 2143 1321 2151 .
1343 2143 1351 2152 .
1372 2127 1555 2152 cauernas
1591 2126 1640 2152 ne

244 2178 436 2227 Vergilius
470 2179 628 2227 quidem
662 2191 786 2228 neque
819 2178 1000 2217 Lucanus
1034 2179 1160 2216 dicere
1191 2178 1328 2228 refugit
1360 2177 1475 2229 (Aen.
1507 2180 1542 2216 ii.
1576 2191 1638 2228 53,

245 2243 378 2281 Phars.
399 2243 448 2281 iii.
471 2244 578 2293 418),
608 2250 767 2293 uterque
797 2244 970 2282 uidelicet
996 2244 1035 2282 id
1065 2244 1238 2282 ambiens
1262 2250 1302 2280 ut
1329 2256 1409 2281 non
1438 2244 1560 2282 solum
1591 2257 1639 2282 ex

244 2321 343 2346 cauo
372 2308 517 2346 editum
547 2320 729 2354 murmur,
751 2309 817 2346 sed
837 2310 951 2346 etiarn
973 2321 1112 2346 cauum
1133 2309 1317 2359 quiddam
1344 2321 1489 2346 sonans
1516 2311 1640 2359 expri-

244 2381 404 2420 merent,
436 2385 503 2411 cur
532 2386 611 2411 non
645 2373 694 2411 de
728 2374 836 2411 astris
867 2374 1030 2423 loquens
1065 2374 1246 2411 Manilius
1279 2386 1319 2411 re
1354 2374 1572 2411 difficillima
1603 2380 1640 2411 et

243 2439 406 2476 multam
427 2438 723 2488 explicationem
744 2439 974 2488 postulante,
995 2452 1185 2476 numerum
1207 2438 1333 2476 fecerit
1351 2451 1456 2475 suam
1478 2441 1639 2476 numeri-

247 2523 274 2545 1.
291 2523 375 2554 2534
391 2514 555 2544 uixerunt
569 2513 670 2544 annis
684 2524 779 2544 xxxv
795 2514 832 2544 in
849 2525 889 2551 sc,
903 2519 934 2545 et
953 2523 987 2544 21
998 2523 1047 2554 13,
1059 2515 1100 2545 V.
1116 2523 1141 2546 1.
1156 2513 1250 2556 3996,
1265 2513 1438 2546 illustrauit
1456 2514 1640 2546 Pauckerus

244 2558 276 2588 in
293 2557 529 2599 Supplemento
545 2557 737 2590 Lexicomm
753 2557 956 2597 Latinorum,
974 2568 1004 2599 p.
1022 2557 1095 2598 406.
