1786 2878
260 100 315 141 26
672 106 872 140 NocrEs
902 105 1232 138 MANJLJANAE

255 226 467 269 latentium.
531 224 586 263 Ob
625 224 729 263 enim
767 225 831 262 uix
871 223 988 262 credo
1027 224 1065 260 in
1104 227 1146 260 ut
1176 221 1247 274 (sic
1281 220 1421 274 Bentl.)
1452 221 1655 272 deprauari

255 292 435 343 potuisse.

311 357 342 395 Ι.
365 359 455 403 882,
479 369 500 405 3

906 427 1082 471 totasque
1110 433 1177 470 per
1204 420 1318 457 urbes

476 487 635 525 Publica
664 487 858 525 succensis
886 495 1121 536 peraguntur
1150 485 1226 523 sata
1255 483 1478 535 sepulchris.

258 554 320 592 Sic
336 553 500 592 Iacobus
516 553 634 591 edidit
648 566 696 591 ex
713 553 910 591 codicibus
926 552 1013 590 suis.
1065 551 1140 589 Sed
1156 551 1297 588 mirum
1313 556 1500 600 quantum
1516 548 1654 586 arridet

259 619 412 657 Gembl.
432 619 543 656 lectio
571 620 737 656 succensi
754 618 945 667 sepulchri
964 617 1084 655 modo
1096 617 1212 667 facta
1233 615 1426 666 scripseris
1449 627 1528 653 non
1542 616 1653 664 sata,

258 685 345 723 ‘the
365 685 494 735 public
514 696 671 734 process
691 683 736 722 of
759 696 782 722 a
807 683 954 722 funeral
974 696 1065 734 pyre
1081 681 1089 695 ’
1115 683 1197 721 siue
1218 682 1308 720 ‘the
1329 680 1550 720 semblance
1570 679 1614 718 of
1629 691 1652 717 a

255 751 383 801 public
403 748 545 788 buriaL'

312 816 343 854 Ι.
362 829 440 865 914
466 828 549 866 sqq.

422 881 601 920 Necdum
630 881 716 919 finis
743 887 851 919 erat:
884 881 1075 919 restabant
1103 878 1214 918 Actia
1242 878 1343 917 bella

420 947 552 985 Dotali
582 947 791 985 commissa
820 947 914 993 acie,
944 946 1181 996 repetitaque
1208 957 1338 983 rerum

420 1013 518 1050 Alea
546 1019 584 1050 et
612 1013 652 1050 in
682 1020 803 1062 ponto
833 1012 1032 1062 quaesitus
1060 1019 1185 1050 rector
1213 1010 1383 1061 Olympi,

421 1079 649 1116 Femineum
680 1079 812 1116 sortita
840 1079 973 1128 iugum
1002 1089 1092 1116 cum
1121 1089 1267 1128 pompa
1296 1075 1474 1125 rependit

419 1145 551 1194 Atque
580 1144 662 1194 ipsa
692 1144 820 1182 Isiaco
849 1150 1046 1182 certarunt
1073 1143 1232 1181 fulmina
1261 1142 1383 1180 sistro.

259 1210 361 1249 Cum
380 1222 416 1247 u.
439 1220 515 1258 915
532 1210 793 1260 comparanda
819 1217 907 1248 sunt
935 1210 998 1247 illa
1026 1222 1073 1247 ex
1102 1209 1239 1258 Elegia
1260 1206 1499 1246 Maecenatis
1522 1216 1584 1255 53,
1605 1215 1653 1253 54

257 1289 300 1313 ne
320 1279 444 1325 posset
453 1276 607 1325 semina
636 1275 800 1313 Romam
831 1275 1001 1313 Dolalem
1025 1276 1153 1324 stupri
1179 1275 1300 1323 turpis
1327 1273 1458 1311 habere
1485 1274 1555 1317 sui,
1585 1271 1656 1309 etsi

257 1342 387 1379 locum
407 1341 579 1378 uitiatum
599 1341 727 1388 credo,
741 1354 829 1379 cum
849 1342 974 1380 codex
987 1341 1198 1378 Vaticanus
1213 1341 1315 1388 3269
1330 1340 1452 1376 herere
1465 1337 1654 1383 exhibeat,

257 1407 361 1445 unde
393 1419 481 1445 eum
515 1407 569 1445 sic
600 1407 736 1444 refinxi
768 1407 808 1444 in
839 1406 973 1444 Diario
1008 1406 1195 1456 Philolog.
1229 1405 1463 1443 Americano
1494 1404 1544 1441 ix.
1579 1405 1654 1451 269

258 1472 428 1510 Dotalem
448 1474 590 1521 stupris
609 1473 760 1510 subdere
785 1474 907 1522 turpis
933 1473 1024 1510 heri.
1081 1472 1128 1510 In
1152 1481 1227 1520 917
1251 1483 1322 1521 pro
1341 1476 1477 1520 pompa
1497 1469 1659 1519 rependit

258 1538 453 1576 Bentleius
482 1538 636 1576 uolebat
664 1538 791 1576 Roma
813 1539 997 1588 pependit,
1029 1538 1102 1576 hoc
1135 1537 1298 1575 alterum
1329 1535 1534 1586 (pependit)
1566 1540 1657 1584 post

259 1604 510 1654 Scaligerum.
580 1604 657 1641 Sed
683 1604 768 1654 quis
796 1616 982 1654 umquam
1008 1604 1103 1641 uidit
1129 1616 1177 1641 ex
1196 1603 1322 1640 Roma
1349 1602 1431 1639 fieri
1448 1608 1620 1650 pompam
1636 1602 1657 1637 st

258 1670 346 1720 Ego
366 1677 467 1708 certe
492 1670 557 1720 qui
583 1670 711 1708 multis
736 1671 847 1708 annis
874 1670 1062 1720 plurimos
1089 1669 1241 1708 codices
1268 1668 1439 1713 tractam,
1462 1667 1555 1704 nihil
1582 1666 1656 1704 tale

259 1748 322 1774 me
356 1736 498 1774 uidisse
533 1736 733 1774 confirmo.
790 1735 930 1786 Neque
967 1743 1098 1773 tamen
1132 1746 1329 1785 pompam,
1361 1740 1401 1770 ut
1437 1732 1654 1778 Stoeberus,

257 1802 461 1840 uictoriam
499 1801 751 1851 interpretor;
792 1802 862 1839 sed
895 1808 952 1839 est
984 1813 1130 1851 pompa
1168 1799 1350 1849 triumphi
1383 1799 1654 1836 Romanorum

260 1867 446 1918 (Apollin.
469 1867 600 1905 Sidon.
626 1867 661 1904 ii.
684 1877 773 1915 375,
797 1869 818 1904 6
849 1866 962 1905 Grex
988 1868 1094 1916 niger
1121 1867 1273 1904 albentes
1300 1869 1430 1915 tegeret
1456 1878 1537 1902 cum
1567 1865 1656 1901 mole

259 1935 402 1983 iugales
448 1934 714 1982 Auctoremque
762 1932 804 1984 (?
842 1930 1148 1982 Ductoremque)
1194 1945 1301 1969 suum
1348 1932 1480 1968 celaret
1515 1937 1655 1980 pompa

259 1997 476 2050 triumphi),
493 2000 557 2049 qui
577 2007 783 2049 postquam
804 2000 843 2036 in
863 2012 911 2037 eo
932 1999 1080 2036 fuerant
1101 2006 1143 2036 ut
1163 1998 1393 2047 Cleopatrae
1415 1998 1547 2047 iugum
1568 2004 1654 2034 tan-

259 2077 375 2114 quam
397 2065 563 2103 uictricis
583 2065 814 2111 sortirentur,
836 2065 907 2115 ipsi
934 2065 1098 2102 uictores
1124 2065 1163 2101 in
1184 2064 1347 2101 Actiaco
1374 2063 1523 2112 proelio
1552 2062 1654 2108 facti,

259 2130 423 2168 eandem
469 2131 692 2168 seruitutem
735 2131 964 2181 Cleopatrae
1005 2130 1272 2180 rependerunt.
1329 2128 1524 2166 Audacior
1561 2140 1654 2166 sane

260 2196 402 2234 dictio:
432 2209 520 2234 cum
536 2203 669 2246 pompa
697 2197 839 2246 duplici
860 2209 975 2235 sensu
1002 2197 1127 2246 posita
1154 2195 1339 2240 uideatur,
1363 2194 1449 2232 dico
1480 2193 1654 2231 Roman-

260 2274 371 2299 orum
393 2260 450 2312 (1)
472 2262 720 2308 deuictorum,
742 2269 778 2300 et
806 2262 916 2312 signa
945 2262 1132 2300 seruitutis
1151 2261 1363 2307 ferentium,
1386 2257 1444 2310 (2)
1466 2260 1651 2297 uictorum

199 2356 204 2360 -
258 2335 296 2366 et
316 2328 513 2366 seruientis
534 2327 764 2378 Cleopatrae
785 2328 993 2378 imaginem
1013 2328 1052 2365 in
1072 2339 1218 2378 pompa
1237 2326 1471 2364 ducentium.
