1786 2878
212 128 226 154 1
236 115 291 165 48
625 124 821 155 NOCTES
849 124 1177 155 MANJLJANAE

265 255 339 294 779
380 258 478 292 rura,
514 248 559 283 ‘a
596 259 646 284 ex
680 259 777 284 corr.
803 253 863 295 pr.
894 246 952 283 m.'
987 246 1216 284 Thomasz'us.
1277 247 1353 295 780
1383 245 1594 284 Tirrhenos

219 311 330 349 Voss.2
386 312 541 349 Tirenis
570 325 589 349 ο
617 311 739 349 radiat
773 310 884 349 Voss.²

263 375 476 413 Bentleium
490 375 500 394 ¹
517 376 577 414 hic
598 377 676 414 ueri
697 384 846 426 partem
865 377 1003 414 uidisse
1028 389 1116 415 curn
1136 376 1344 425 Cyrenaeas
1364 377 1494 414 herbas
1514 389 1594 414 cre-

204 441 310 478 deret
340 442 377 478 in
403 441 608 478 lez'rrenas
637 442 752 479 latere
779 442 890 479 ualde
917 449 974 479 est
1002 442 1212 490 probabile,
1233 454 1302 479 nec
1333 443 1496 480 multum
1527 443 1593 479 ab·

206 506 332 544 horret
358 519 380 544 a
409 519 501 544 uero
525 507 683 554 Cyrenes
713 508 882 544 lacrimis
906 507 1148 545 scribendum
1175 519 1268 552 esse,
1290 508 1409 545 modo
1442 507 1595 544 Pindari

206 573 425 609 memineris
445 572 509 621 qui
530 573 567 608 in
588 584 696 610 nono
716 571 988 621 Pythiacorum
1010 573 1223 609 carminum
1244 572 1409 609 fabulam
1427 572 1596 622 Cyrenes

205 636 399 674 adornans
429 637 541 674 tradit
570 649 669 683 eam,
689 638 800 686 uirgo
825 650 912 675 eum
941 644 1039 675 esset
1068 645 1209 674 uenatu
1236 637 1410 686 gaudens
1437 645 1471 675 et
1498 637 1596 675 lecto

205 702 361 748 caelibe,
382 703 431 739 ab
451 702 629 751 Apolline
651 709 818 740 amatam
838 709 874 740 et
899 715 920 740 a
947 702 1076 740 Peneo
1097 703 1211 739 natali
1232 703 1270 739 in
1291 702 1454 751 Libyam
1474 710 1594 740 trans-

204 773 353 804 uectam
370 767 421 804 ibi
436 774 555 804 terrae
569 769 786 816 portionem
801 768 1004 817 accepisse.
1036 768 1201 817 Pyth.ix.
1212 777 1260 815 55
1278 772 1335 803 νῦν
1349 768 1377 803 δ’
1394 768 1597 815 εὐρυλείμων

203 835 323 869 πότνιά
343 849 400 869 σοι
419 833 528 874 Λιβύα
548 834 688 880 Δέξεται
708 835 827 869 εὐκλέα
853 834 987 881 νύμφαν
1012 835 1164 879 δώμασιν
1184 835 1219 869 ἐν
1237 834 1399 880 χρυσέοις
1417 836 1594 881 πρόφρων.

203 898 255 934 ἵνα
275 901 306 934 οἱ
324 899 447 945 χθονὸς
466 897 568 935 αἶσαν
586 900 711 935 Αὐτίκα
735 900 950 935 συντελέθειν
969 900 1105 944 ἔννομον
1124 899 1313 946 δωρήσεται
1334 902 1420 934 Οὔτε
1448 901 1596 946 παγκάρ-

203 979 277 999 πων
295 966 414 1009 φυτῶν
433 963 587 1009 νήποινον
606 964 676 1000 οὔτ’
697 965 829 1013 ἀγνῶτα
849 965 968 1010 θηρῶν.
1027 963 1152 1001 Schol.
1173 964 1277 1001 Arat.
1295 963 1515 1001 Germanici
1535 963 1596 1001 ed.

204 1027 363 1077 Breysig
392 1041 429 1078 p.
452 1030 501 1065 86
530 1042 630 1077 quem
653 1026 903 1080 (Arz'slaeum)
924 1029 1056 1078 Apollo
1061 1029 1199 1078 firtur
1217 1042 1267 1066 ex
1290 1028 1429 1077 Cyrene
1448 1036 1595 1077 procre—

203 1107 292 1139 asse,
323 1106 431 1142 quam
465 1096 677 1144 compressit
706 1095 746 1131 in
779 1099 892 1131 monle
925 1094 1065 1143 Orpheo
1098 1095 1165 1143 qui
1192 1093 1348 1143 Cyrenis
1376 1095 1594 1142 appellatur.

206 1156 281 1194 Sed
301 1171 406 1195 arces
424 1166 647 1208 corruptum
668 1166 797 1208 aperte
818 1165 886 1204 est,
907 1171 996 1196 cum
1020 1160 1094 1207 778
1117 1159 1218 1196 idern
1237 1159 1473 1196 uocabulum
1492 1173 1596 1196 arces

203 1222 404 1260 exhibeat:
445 1236 517 1261 nec
547 1224 752 1273 quisquam
782 1224 907 1262 adhuc
937 1224 1107 1261 ostendit
1136 1236 1215 1273 quo
1250 1236 1361 1261 sensu
1394 1225 1519 1262 Eruz't
1550 1225 1596 1262 sit

202 1288 382 1337 positum.
431 1288 518 1338 Ego
534 1289 663 1326 locum
680 1290 733 1327 sic
746 1289 1016 1338 corrigendum
1029 1296 1134 1338 puto,
1147 1290 1292 1326 radz'alo
1309 1288 1484 1339 Scorpius
1504 1303 1596 1327 arcu

201 1353 344 1399 Exuit,
358 1354 609 1403 interpretans
630 1354 675 1392 de
693 1355 812 1392 nimio
829 1355 956 1392 calore
969 1355 1170 1404 regionum
1188 1354 1428 1404 Carthaginis
1449 1355 1595 1405 Libyae

201 1419 367 1468 Aegypti
415 1419 598 1469 Cyrenes,
629 1426 786 1469 propter
823 1432 939 1470 quem
987 1420 1053 1469 qui
1101 1420 1153 1457 ibi
1199 1420 1336 1458 uiuunt
1376 1403 1490 1458 radiis
1530 1422 1595 1458 icti

203 1485 426 1533 Scorpionis
461 1493 608 1523 exuunt
647 1497 687 1523 se
726 1486 908 1530 uestibus,
947 1485 1060 1522 nudis
1099 1485 1324 1534 corporibus
1362 1486 1594 1524 incedentes.

201 1549 367 1586 Radz'alo
395 1563 488 1586 arcu
516 1549 699 1588 Manilius
730 1551 777 1588 de
804 1550 1014 1600 Scorpione
1043 1551 1199 1600 proprie
1226 1552 1434 1600 usurpauit,
1465 1551 1594 1589 habita

202 1615 345 1652 ratione
374 1616 519 1653 caudae
553 1617 747 1653 curuantis
778 1628 817 1653 se
847 1616 886 1652 in
916 1628 1058 1654 arcum.
1120 1614 1246 1653 Gloss.
1282 1616 1458 1666 Phillipp.
1490 1619 1593 1665 4626

200 1681 410 1717 Arcuatum
424 1682 561 1718 uulnus
579 1682 716 1718 dz'cz'lur
735 1682 761 1718 z'.
776 1685 971 1718 curualum
991 1681 1089 1730 quod
1103 1694 1127 1718 a
1148 1682 1267 1718 cauda
1286 1683 1490 1731 scorpionis
1504 1695 1594 1732 quae

200 1758 319 1782 curua
338 1750 391 1782 est
406 1746 603 1795 zbzflzgz‘lur.

259 1807 390 1862 [Haec
410 1817 451 1848 ut
467 1811 597 1860 scripsi
617 1823 720 1848 anno
740 1812 852 1859 1889,
869 1810 922 1848 sic
942 1810 1086 1860 reliqui,
1102 1823 1181 1848 uno
1200 1817 1346 1848 mutato
1363 1812 1468 1861 quod
1487 1812 1593 1862 prius

201 1876 518 1913 radiatos—axes
554 1887 770 1925 posueram.
831 1875 981 1913 Interea
1019 1876 1147 1913 locum
1186 1882 1224 1913 et
1262 1875 1518 1926 Rossbergius
1556 1886 1592 1915 et

201 1940 394 1979 Breiterus
431 1947 647 1986 tractarunt,
687 1940 789 1978 Nou.
820 1940 959 1977 Annal.
992 1940 1124 1978 Philol.
1160 1943 1260 1989 1889
1295 1954 1361 1991 pp.
1393 1951 1591 1991 712-713‚

202 2005 224 2040 8
231 2007 400 2051 53—855.
457 2003 588 2040 Ambo
626 2015 778 2040 mecum
820 2003 858 2039 in
897 2002 972 2041 hoc
1009 2004 1250 2041 consentiunt
1289 2004 1394 2054 quod
1435 2005 1593 2053 Cyrenes

201 2069 443 2118 scripserunt,
463 2067 678 2105 Bentleium
709 2068 848 2105 secuti:
880 2068 946 2105 sed
968 2067 1224 2117 Rossbergius
1252 2069 1289 2106 in
1310 2082 1414 2107 arces
1433 2071 1592 2108 credidit

201 2135 358 2172 subesse
391 2147 486 2180 acer,
516 2134 642 2171 adlato
676 2134 762 2171 loco
788 2134 893 2170 Arati
929 2146 1004 2180 402
1038 2134 1094 2170 ὑπ’
1124 2134 1287 2183 αἰθομένῳ
1318 2135 1442 2184 κέντρῳ
1475 2135 1592 2182 τέραος

199 2201 362 2247 μεγάλοιο
408 2201 597 2246 Σκορπίου;
650 2199 808 2247 Cyrenes
855 2200 1024 2236 lacrimis
1080 2199 1347 2248 interpretatur
1392 2200 1590 2238 lacrimam

201 2264 450 2314 Cyrenaicam
486 2265 565 2301 siue
600 2264 798 2314 laserpicii,
833 2276 910 2313 quo
943 2265 1077 2301 donata
1111 2264 1192 2301 siue
1226 2264 1355 2302 dotata
1389 2265 1463 2302 sint
1493 2279 1591 2304 rura

244 2380 253 2399 ¹
280 2382 437 2414 Dorothei
455 2381 568 2423 fragm.
590 2390 626 2421 13
652 2382 684 2412 in
709 2382 914 2413 Koechliana
937 2382 986 2414 ed.
1005 2382 1213 2414 Manethonis
1235 2381 1590 2423 Apotelesmatieorum

200 2426 368 2465 (Teubner
386 2425 482 2465 1858)
500 2425 600 2465 κλίμα
624 2424 765 2466 Κυρήνης
781 2425 838 2455 ὑπὸ
851 2426 978 2465 Χηλαΐς,
991 2424 1110 2465 Ἰταλίη
1127 2424 1214 2465 χώρη
1230 2436 1265 2455 τε
1283 2424 1372 2456 πέλει
1389 2425 1591 2466 πλάστιγγος

203 2470 252 2499 ὑπ’
268 2469 372 2500 αὐτάς.
420 2469 488 2500 Hic
504 2469 628 2509 Cyrene
644 2479 707 2499 non
725 2468 861 2509 Scorpio
877 2469 1038 2508 tribuitur,
1052 2469 1107 2501 sed
1124 2469 1252 2501 Librae.
1299 2469 1493 2511 Plerumque
1509 2471 1590 2502 inter

200 2512 406 2544 Dorotheum
423 2517 454 2544 et
473 2512 645 2544 Manilium
664 2513 744 2544 inira
761 2518 807 2544 est
824 2513 1002 2545 consensio.
