1786 2878
195 125 252 176 56
616 132 812 164 NOCTES
838 131 1057 162 MANJLJA
1065 131 1172 162 NAE

250 238 301 275 Et
329 238 411 274 illos
430 250 518 274 nam
542 244 600 275 est
625 238 741 275 etiam
761 237 800 274 in
827 236 1030 283 Parisino;
1057 237 1134 273 illis
1160 249 1246 273 nam
1274 236 1312 273 in
1339 236 1398 274 ed.
1422 236 1536 275 Rom.
1558 244 1597 275 et

195 303 256 341 ed.
277 302 442 340 Molinii.
501 301 541 339 Si
570 301 755 340 Manilius
777 302 968 339 discordat
994 314 1145 348 annum,
1167 302 1220 338 uti
1245 301 1402 339 tradunt
1426 302 1594 349 codices,

197 369 348 418 scripsit
368 368 405 404 in
423 381 514 415 422,
530 368 654 417 potuit
674 368 898 404 concordant
917 367 999 403 illos
1019 366 1144 404 dicere
1165 366 1213 404 de
1226 367 1364 416 genitis
1386 368 1456 404 sub
1477 366 1595 405 Pisci-

195 435 269 471 bus
289 434 354 483 qui
380 433 543 482 Scorpio
565 433 715 482 genitos
742 440 779 470 et
800 432 954 470 Cancro
968 432 1172 481 prohibent
1194 444 1243 469 ne
1265 432 1336 469 sibi
1358 432 1595 477 insidientur,

196 499 374 548 redigunt
395 499 434 535 in
453 499 723 536 concordiam:
745 510 831 534 nam
853 509 967 546 saepe
989 497 1148 534 subdole
1169 505 1299 545 agunt,
1319 509 1400 534 non
1417 497 1594 535 fraterne.

199 564 253 602 Sit
279 564 354 602 hoc
383 564 598 601 lubricum:
629 570 667 600 at
697 562 789 599 illud
808 575 895 599 nam
915 562 981 599 uix
1002 562 1208 611 quisquam
1235 562 1283 600 de
1313 574 1384 600 suo
1411 562 1597 600 inlaturus

196 638 289 676 erat,
310 637 351 667 ut
375 630 490 666 etiam
511 637 647 666 contra
668 627 821 665 Gembl.
843 627 1079 676 reposuerim

521 706 593 731 nec
621 705 702 732 non
731 700 768 730 et
797 693 970 730 Piscibus
999 693 1071 730 orti

360 759 625 797 Concordant.
684 759 764 796 Illis
792 770 884 795 nam
914 770 1029 807 saepe
1059 765 1117 795 est
1147 758 1332 796 subdolus
1361 767 1469 797 actus

197 826 232 863 h.
253 838 283 864 e.
307 827 422 863 etiam
442 826 515 862 orti
544 825 615 862 sub
636 824 811 862 Piscibus
838 835 976 874 pacem
996 824 1094 861 inter
1120 836 1161 861 se
1187 824 1342 862 habent.
1398 824 1504 861 Nam
1526 824 1598 861 illis

196 893 388 942 prioribus
410 891 592 941 (Scorpio
623 891 721 927 natis
749 898 786 927 et
814 888 985 940 Cancro)
1009 902 1125 939 saepe
1151 889 1316 928 fraterna
1343 891 1509 928 amicitia
1540 891 1596 927 in-

198 958 304 995 sidiis
327 956 502 995 uiolatur.
559 956 609 993 Et
630 956 684 994 sic
705 954 823 992 edidit
844 953 1048 993 Molinius.

252 1024 298 1060 In
319 1025 392 1069 641
416 1027 451 1059 et
467 1021 573 1072 quod
594 1021 710 1058 habet
730 1019 859 1058 Voss.2
873 1021 922 1057 ab
937 1034 997 1066 ex,
1014 1032 1093 1058 non
1113 1034 1140 1066 e,
1161 1020 1412 1071 deprauatum
1435 1021 1595 1059 uidetur.

252 1089 305 1127 ΙΙ.
327 1092 417 1136 643,
441 1090 530 1136 645.

361 1153 445 1191 Nec
474 1153 565 1190 satis
593 1152 667 1190 hoc
697 1159 857 1197 tantum,
887 1151 978 1189 solis
1007 1152 1177 1189 insistere
1206 1152 1325 1201 signis

360 1219 471 1256 Parte
501 1230 624 1268 genus
653 1218 802 1255 uariant
831 1224 868 1254 et
897 1217 996 1254 uires
1026 1217 1127 1253 linea
1155 1225 1287 1254 mutat.

250 1285 418 1322 uariatur
448 1283 622 1321 Vossz'anz'
637 1273 760 1320 uariat
783 1282 871 1320 Cu's.
893 1295 980 1318 num
1001 1283 1166 1319 uariatur
1186 1291 1224 1319 et
1244 1283 1344 1319 iras?

198 1350 302 1388 Nam
322 1349 419 1387 infra
441 1351 530 1397 649,
554 1351 631 1396 650
652 1349 792 1398 quibus
812 1348 988 1385 uersibus
1010 1350 1100 1396 643,
1123 1361 1144 1393 4
1166 1348 1407 1397 explicantur

360 1415 466 1453 Hinc
495 1414 615 1452 modo
643 1414 709 1451 dat
737 1414 905 1451 mundus
935 1413 1045 1458 uires,
1075 1413 1193 1450 modo
1223 1413 1385 1451 detrahit
1413 1413 1527 1459 idem,

360 1480 553 1529 Quaeque
583 1479 656 1517 illic
685 1486 842 1517 sumunt
872 1479 956 1524 iras,
987 1478 1063 1516 huc
1094 1486 1179 1516 acta
1206 1485 1399 1528 reponunt

251 1548 334 1584 iras
354 1546 468 1584 habet
491 1545 644 1583 Gembl.
659 1557 747 1582 cum
768 1544 875 1593 Lips.
896 1551 934 1581 et
953 1557 983 1590 o,
1005 1546 1104 1581 uires
1119 1543 1313 1582 Vossiani-

252 1612 304 1649 ΙΙ.
327 1613 417 1659 658,
441 1624 462 1659 9
486 1612 541 1648 sic
563 1618 693 1648 extant
713 1610 753 1647 in
773 1609 927 1647 Gembl.

359 1677 438 1714 Ver
467 1676 565 1713 aries
594 1687 764 1713 cererem
793 1687 932 1712 cancer
960 1673 1205 1724 bachumque
1234 1675 1456 1712 ministrans

361 1742 478 1779 Libra
507 1754 622 1790 caper
650 1742 828 1778 brumam
856 1740 1084 1789 genitusque
1114 1740 1163 1777 ad
1192 1739 1333 1789 frigora
1362 1740 1487 1789 piscis.

251 1807 346 1845 Non
389 1807 584 1844 adsentior
626 1805 803 1843 Bentleio
846 1804 1011 1842 absurde
1044 1804 1105 1842 hic
1137 1812 1175 1841 et
1208 1804 1401 1843 incondite
1441 1811 1597 1854 poetam

198 1873 326 1923 loqui:
357 1879 539 1922 recteque
569 1871 662 1908 mihi
689 1870 840 1908 uidetur
871 1869 1039 1918 Scaliger
1067 1872 1144 1918 659
1175 1870 1229 1908 sic
1258 1871 1530 1919 interpretatus
1556 1878 1598 1907 ut

197 1938 457 1988 Capricornus
483 1949 574 1974 cum
598 1937 645 1974 sit
665 1948 781 1984 caper
801 1935 840 1972 in
864 1936 1008 1984 piscem
1029 1935 1222 1980 desinens,
1244 1948 1267 1973 a
1287 1935 1450 1973 Manilio
1471 1936 1598 1973 dictus

197 2005 245 2042 sit
265 2011 374 2053 caper
388 2004 605 2052 genz'lusque
623 2003 676 2038 ad
675 2002 844 2051 frigora
856 2003 986 2050 piscis.
1028 2000 1089 2038 Sic
1101 2002 1272 2051 piscinas
1287 2009 1395 2050 caper
1410 2001 1543 2038 dicitur
1559 2002 1598 2038 in

197 2069 371 2106 uersibus
390 2069 437 2106 de
454 2068 618 2117 sphaera
632 2067 672 2104 P.
687 2066 730 2103 L.
745 2066 802 2102 M.
816 2065 864 2104 V.
881 2079 916 2115 p.
932 2068 1024 2114 382.
1068 2067 1218 2104 Additis
1231 2067 1333 2104 enim
1351 2067 1598 2116 illisgem'tus-

195 2148 263 2183 que
282 2134 336 2170 ad
336 2134 502 2184 fizgora
512 2135 634 2182 piscis
654 2145 811 2170 causam
836 2134 928 2181 petit
954 2145 1001 2169 ex
1023 2140 1161 2169 natura
1180 2144 1308 2169 rerum
1329 2144 1397 2169 cur
1416 2131 1597 2182 frigidum

196 2201 356 2236 brumae
376 2206 527 2248 tempus
555 2198 794 2247 Capricorno
818 2198 1004 2235 tribuatur
1019 2210 1028 2244 ;
1059 2198 1241 2235 nimirum
1269 2197 1514 2247 frigidissima
1539 2205 1597 2235 est

195 2271 332 2302 natura
364 2264 550 2314 piscium:
595 2262 856 2312 Capricornus
894 2271 1022 2300 autem
1061 2276 1109 2301 ex
1144 2274 1262 2312 capro
1297 2271 1333 2300 et
1365 2263 1469 2312 pisce
1502 2275 1596 2300 con-

197 2330 470 2367 formationem
499 2329 626 2366 habet.
696 2327 824 2365 Schol.
855 2327 962 2365 Harl.
993 2329 1032 2365 in
1058 2328 1201 2366 Aratea
1229 2328 1428 2365 Ciceronis
1458 2340 1493 2377 p.
1522 2329 1597 2365 xiiii

198 2395 439 2432 Kauffmann
474 2394 564 2431 Hac
592 2395 699 2430 etiam
734 2394 776 2430 de
809 2406 924 2430 causa
957 2395 1034 2430 elus
1067 2394 1279 2444 bgferiorem
1306 2398 1452 2442 parlem
1478 2395 1597 2442 piscis

196 2474 269 2497 esse
297 2461 550 2509 &sm-malam,
571 2459 669 2508 quod
691 2459 894 2496 muricibus
923 2459 1036 2496 hostes
1061 2461 1113 2496 sil
1137 2460 1320 2496 iaculatus
1333 2465 1408 2507 pro
1433 2459 1596 2508 lapidum

198 2527 359 2564 z'aclz'one.
