1786 2878
244 132 322 173 186
650 140 846 172 NOCTES
874 140 1205 172 MANJLJANAE

239 258 338 296 quos
359 245 528 296 plerique
548 252 684 295 putant
703 246 868 295 pendere
889 258 935 284 ex
958 246 1041 284 Hoc
1060 251 1112 283 est
1128 247 1225 284 artis
1246 253 1344 296 opus.
1397 245 1527 296 Opem
1547 245 1631 282 tulit

240 310 437 350 Bentleius
457 318 607 349 mutato
627 311 761 349 ordine
781 323 988 350 uersuum:

402 387 494 426 Hoc
523 394 581 425 est
609 387 698 425 artis
727 399 826 437 opus
855 400 934 426 non
963 395 1167 439 expectare
1196 394 1397 438 gementes

405 455 480 493 Sed
509 467 588 492 non
616 455 767 492 auditos
796 462 991 493 mutorum
1021 456 1151 494 tollere
1181 456 1341 493 morbos

402 520 453 558 Et
482 520 553 557 sibi
582 532 662 558 non
690 532 827 569 aegros
857 520 933 558 iam
963 521 1110 559 dudum
1141 521 1294 559 credere
1323 520 1427 558 tales.

240 594 380 632 Paucis
408 594 502 631 haec
531 594 589 631 uir
616 606 782 643 magnus
812 595 1153 633 commendauerit.
1213 594 1353 632 Tutius
1382 602 1476 644 puto
1505 593 1632 631 infini-

241 660 340 697 tiuos
378 659 503 697 facere
536 672 584 697 ex
618 659 697 696 istis
735 660 891 696 medicas
923 665 1022 697 arles
1060 672 1127 710 per
1159 661 1391 710 epexegesin
1422 659 1632 709 quamdam

241 726 466 775 pendentes,
498 737 616 774 quam
659 725 853 763 duriorem
896 726 1150 775 appositionis
1188 726 1354 764 formam
1393 725 1633 774 aliquatenus

241 792 455 841 mitigatum
481 791 520 828 iit
545 797 661 840 poeta
685 791 828 829 inserto
852 803 920 840 per
939 791 1185 841 parenthesin
1207 791 1310 841 (Hoc
1328 796 1382 829 est
1399 792 1495 828 artis
1514 788 1631 840 opus),

404 865 473 903 Ille
503 871 605 902 tenet
634 865 805 902 medicas
837 872 936 902 artes
966 865 1015 903 ad
1043 866 1217 903 membra
1246 865 1423 911 ferarum,

402 930 453 968 Et
480 942 559 969 non
589 931 741 968 auditos
770 938 961 968 mutarum
993 931 1122 969 tollere
1152 932 1322 977 morbos,

405 995 516 1044 (Hoc
545 1003 602 1033 est
631 997 721 1034 artis
750 996 879 1047 opus),
908 1008 989 1034 non
1019 1004 1222 1046 expectare
1252 1002 1464 1047 gementes,

403 1061 454 1099 Et
483 1061 555 1099 sibi
583 1073 664 1099 non
693 1074 810 1112 aegro
839 1062 915 1099 iam
945 1062 1091 1100 dudum
1121 1062 1274 1100 credere
1302 1073 1453 1111 corpus.

242 1138 335 1176 Non
357 1138 542 1176 absimilis
564 1138 674 1176 locus
696 1145 753 1176 est
776 1147 848 1187 371
874 1151 957 1188 sqq.
980 1138 1093 1175 Mille
1109 1140 1234 1188 fluent
1256 1142 1383 1181 arles;
1414 1142 1481 1175 aut
1505 1138 1632 1176 bellum

242 1205 401 1241 indsccre
421 1205 553 1241 mundo
572 1203 630 1241 Et
656 1234 663 1242 .
685 1232 694 1241 .
715 1233 724 1241 .
750 1205 933 1241 uolucrem
949 1211 1130 1253 prensare
1147 1204 1230 1241 Aul
1246 1205 1344 1241 nidis
1363 1205 1525 1241 clamare
1553 1232 1562 1241 .
1592 1233 1600 1241 .
1626 1231 1634 1240 .

242 1269 502 1307 Pascentemne
521 1270 673 1306 ducere:
704 1276 740 1307 et
762 1282 878 1319 quem
898 1281 1013 1319 supra
1033 1270 1195 1308 tractaui
1218 1279 1265 1318 27
1273 1282 1293 1318 3
1315 1282 1398 1320 sqq.

298 1335 346 1373 V.
370 1337 556 1384 361—364
579 1335 632 1373 sie
653 1334 819 1373 Iacobus
839 1334 958 1373 edidit

407 1408 564 1458 Regalis
593 1415 634 1446 ut
663 1421 758 1458 opes
787 1415 825 1446 et
854 1421 961 1447 sacra
990 1409 1135 1447 aeraria
1165 1416 1318 1447 seruent

408 1473 634 1524 Regnantes
663 1475 735 1511 sub
765 1487 854 1524 rege
885 1487 967 1521 suo,
998 1487 1201 1524 rerumque
1230 1474 1404 1520 ministri,

407 1539 670 1590 Tutelamque
699 1547 834 1589 gerant
864 1540 1007 1590 populi,
1037 1541 1266 1578 domibusue
1297 1539 1474 1589 regendis

408 1605 632 1655 Praepositi,
663 1618 774 1643 curas
804 1606 928 1644 alieno
962 1606 1090 1644 limine
1121 1605 1311 1643 claudant.

302 1684 373 1730 361
393 1689 524 1720 sancta
544 1682 681 1720 Gembl.
699 1683 815 1720 seruit
838 1682 950 1720 Voss.2
995 1686 1069 1731 362
1090 1694 1211 1731 regno
1236 1681 1348 1719 Vos&2
1396 1683 1485 1730 363,
1503 1684 1578 1730 364
1597 1682 1637 1718 in

245 1749 342 1784 codd.
352 1753 440 1796 post
455 1757 530 1795 374
547 1749 681 1797 scripsi
695 1752 790 1785 sunl.
839 1748 1047 1785 Reuocauil
1060 1747 1242 1796 Scalzgrer.
1285 1749 1361 1796 363
1383 1755 1517 1795 gerunt
1537 1747 1636 1783 codd.

246 1820 381 1861 gerant
421 1813 620 1862 Willzofius.
697 1815 773 1861 364
813 1813 943 1850 limine
982 1813 1154 1862 Scalfgrcr
1188 1813 1330 1849 lumine
1375 1810 1486 1849 Voss?
1519 1812 1638 1850 limite

250 1876 390 1915 Gcmbl.
422 1877 533 1915 Voss.1
557 1878 646 1916 Cus.
668 1878 849 1915 claudunt
867 1879 967 1916 codd.
988 1878 1166 1916 claudant
1193 1877 1393 1926 U'z'llzcfius.

300 1942 467 1980 Attende
489 1943 690 1992 repetitum
712 1943 824 1981 toties
845 1945 984 1992 regalis
1003 1948 1196 1992 regnantes
1215 1956 1296 1992 rege
1315 1943 1492 1991 regendis.
1533 1941 1638 1980 Con-

246 2008 346 2046 sulto
376 2008 525 2045 uidetur
554 2008 720 2046 factum:
760 2014 797 2046 et
827 2009 879 2046 sic
910 2008 1123 2047 Scholiasta
1152 2008 1376 2046 Germanici
1407 2008 1639 2045 Arateorum

246 2086 282 2122 p.
304 2075 352 2110 88
377 2072 535 2123 Breysig
560 2072 709 2122 Typhon
734 2074 956 2123 interficitur
985 2075 1024 2110 in
1053 2075 1178 2122 templo
1198 2071 1553 2122 Aegjplz'sslcmplu'
1577 2072 1645 2109 ubi

247 2152 321 2175 mos
326 2139 418 2188 suit
433 2140 522 2176 solio
542 2140 643 2187 regio
664 2140 836 2176 decorari
847 2152 949 2188 reges
968 2140 1160 2189 quiregna
1176 2140 1311 2175 ineunt.
1358 2137 1431 2174 His
1452 2138 1640 2187 exemplis

247 2204 375 2242 locum
396 2204 684 2242 uexatissimum
707 2204 774 2241 IV.
797 2207 871 2252 687
896 2217 980 2254 sqq.
1001 2205 1144 2254 poteris
1164 2203 1323 2242 fortasse
1345 2203 1396 2241 sic
1417 2203 1622 2242 emendare

684 2269 723 2306 in
754 2283 910 2319 regnum
942 2270 1123 2307 florentes
1152 2270 1229 2307 oris
1259 2269 1448 2314 Athenae,

412 2334 549 2383 Sparta
578 2346 708 2382 manu,
740 2334 900 2373 Thebae
931 2336 1040 2381 diuis,
1070 2342 1107 2373 et
1136 2349 1218 2384 rege
1245 2335 1306 2372 uel
1337 2347 1414 2373 uno

411 2399 596 2449 Princeps
626 2400 689 2438 illa
719 2400 859 2438 domus
891 2400 1051 2439 Troiani
1082 2404 1186 2450 rcgz'a
1216 2400 1314 2446 belli,

250 2487 340 2512 nam
373 2488 443 2513 nec
478 2475 639 2513 Graecia
671 2476 927 2526 plurimorum
961 2477 1139 2515 codicum
1175 2488 1247 2514 nec
1276 2477 1408 2525 gralia
1438 2475 1642 2514 Vossiani²

248 2552 383 2578 uerum
402 2548 527 2590 potest
543 2542 762 2581 existimari.
804 2542 948 2582 Sensus
964 2543 1056 2581 erit:
1079 2543 1146 2581 illa
1163 2542 1288 2580 domus
1304 2542 1406 2591 regia
1420 2541 1640 2579 Atridarum
