1786 2878
519 860 1057 915 PRAEFATIO.

114 1066 122 1071 ⁵
146 1024 357 1068 POSTQUAM
389 1023 530 1062 Paulus
556 1025 803 1071 Thomasius‚
834 1025 1034 1063 Professor
1062 1025 1342 1072 Gandauensis,
1374 1027 1484 1066 editis

91 1102 197 1128 anno
222 1092 322 1127 1888
343 1090 679 1127 Lucubralz'om'bus
699 1091 786 1136 suis,
808 1103 910 1128 noua
935 1091 1184 1128 fundamenta
1208 1092 1348 1130 criseos
1368 1106 1485 1142 posu-

91 1161 170 1193 erat
207 1155 444 1193 Manilianae
475 1155 582 1206 (nam
620 1157 659 1193 in
698 1169 745 1194 eo
783 1156 912 1194 libello
946 1155 1268 1194 Gemblacensem
1307 1158 1484 1196 codicem

91 1222 265 1258 omnium
289 1222 598 1271 antiquissimum
625 1222 771 1271 primus
797 1223 989 1271 integrum
1016 1222 1185 1260 exhibuit
1206 1235 1296 1259 curn
1317 1223 1484 1261 editione

90 1286 222 1324 Iacobi
251 1287 532 1325 accuratissime
562 1287 788 1337 conlatum),
811 1299 966 1324 carmen
987 1287 1093 1336 quod
1123 1288 1241 1324 rarius
1271 1296 1381 1325 antea
1412 1301 1483 1326 nec

89 1353 161 1389 nisi
187 1365 256 1402 per
280 1353 478 1390 interualla
505 1353 717 1402 attigeram,
740 1354 913 1390 studioso
941 1353 1070 1391 animo
1097 1366 1141 1390 ac
1168 1360 1343 1399 uenante,
1366 1360 1406 1391 ut
1432 1355 1483 1391 ait

90 1417 273 1463 Catullus,
302 1419 457 1467 perlegi.
521 1417 572 1455 Et
603 1430 737 1455 uerum
770 1426 810 1455 ut
845 1418 972 1464 fatear,
1007 1432 1028 1456 a
1061 1419 1164 1456 nullo
1199 1418 1480 1466 Romanorum,

88 1496 252 1532 quorum
281 1490 486 1532 supersunt
514 1490 705 1532 poemata,
728 1484 812 1533 plus
842 1484 957 1521 credo
987 1484 1080 1520 mihi
1109 1484 1343 1522 redundasse
1373 1496 1480 1522 com-

87 1549 228 1598 pendii,
251 1549 280 1586 si
299 1561 380 1586 non
407 1549 456 1586 ad
482 1549 619 1598 poesin
648 1557 683 1586 et
710 1549 803 1586 haec
829 1549 1051 1586 sublimiora
1079 1550 1232 1598 ingenii,
1253 1556 1289 1587 at
1311 1557 1410 1587 certe
1432 1550 1481 1587 ad

87 1626 175 1651 eam
202 1626 284 1651 rem
312 1614 351 1650 in
372 1626 449 1664 qua
473 1614 587 1652 hodie
612 1615 780 1651 maxime
807 1614 992 1664 philologi
1016 1627 1225 1660 uersamur,
1247 1615 1361 1653 crisin
1393 1615 1480 1653 dico

87 1692 187 1729 quae
210 1692 258 1717 ex
282 1681 578 1730 palaeographia
604 1688 641 1719 et
666 1681 845 1718 codicum
872 1682 1116 1730 inquisitione
1142 1682 1319 1731 pendeat.
1376 1681 1480 1719 Nam

87 1745 379 1784 Gemblacensis
406 1747 541 1792 codex,
562 1755 600 1784 ut
624 1760 727 1784 nunc
750 1760 797 1784 ex
819 1747 1020 1784 Thomasii
1047 1747 1204 1784 demum
1230 1747 1358 1784 libello
1386 1760 1479 1797 cog-

86 1812 278 1857 nouimus,
307 1813 532 1850 ueterrimus
569 1812 631 1849 ille
662 1812 829 1861 quidem,
860 1819 992 1861 utpote
1030 1824 1128 1850 saec.
1165 1813 1203 1849 xi
1242 1813 1410 1862 scriptus,
1443 1819 1480 1850 et

85 1877 350 1927 integerrimus
379 1884 436 1915 est
463 1878 660 1923 omnium;
703 1879 755 1915 ita
784 1886 923 1923 tamen,
955 1885 995 1915 ut
1024 1879 1053 1915 si
1084 1878 1180 1915 absit
1205 1878 1417 1916 Vossianus
1446 1879 1478 1915 is

86 1943 279 1981 secundus
309 1943 454 1989 Iacobi,
476 1945 537 1980 cui
567 1944 691 1981 scriba
721 1955 812 1980 suus
841 1956 986 1980 annum
1018 1953 1119 1991 1470
1147 1944 1185 1980 in
1215 1944 1289 1981 fine
1319 1944 1475 1989 addidit,

84 2020 175 2046 uera
195 2021 332 2046 manus
352 2016 489 2058 poetae
509 2010 636 2046 relicta
657 2010 703 2046 sit
725 2009 762 2045 in
783 2010 941 2054 incerto,
963 2009 1077 2058 idque
1099 2009 1340 2058 plurifariam.

139 2074 246 2112 Hinc
265 2082 391 2111 ortum
419 2083 476 2111 est
499 2075 574 2112 hoc
598 2086 728 2111 meum
755 2074 997 2123 opusculum,
1019 2087 1138 2124 quom
1158 2075 1308 2112 uiderer
1328 2075 1474 2112 occasi-

83 2151 200 2176 onem
230 2147 395 2177 nanctus
424 2140 631 2177 clarissima
660 2140 698 2176 in
728 2139 812 2176 luce
841 2139 879 2175 id
909 2140 1152 2189 proponendi
1172 2140 1276 2189 quod
1302 2140 1413 2178 toties
1438 2141 1475 2177 in

83 2204 361 2242 dubitationem
385 2206 516 2243 uocari
543 2206 679 2250 sentio,
700 2205 902 2254 possintne
928 2218 975 2243 ex
1001 2218 1080 2243 uno
1108 2206 1241 2243 codice
1262 2207 1473 2251 ueterrimo,

82 2270 145 2307 uel
165 2270 299 2308 saltem
319 2283 366 2308 ex
388 2271 552 2315 duobus,
573 2271 703 2308 omnia
729 2271 780 2308 sic
806 2271 844 2307 in
873 2271 1066 2319 scriptoris
1090 2277 1195 2308 textu
1217 2271 1394 2308 constitui
1414 2271 1475 2308 uel

82 2336 211 2384 potius
231 2336 372 2373 restitui
392 2343 433 2373 ut
457 2336 548 2373 nihil
578 2336 763 2373 debeatur
784 2336 1068 2373 recentioribus.
1124 2336 1171 2372 In
1193 2335 1354 2373 Manilio
1373 2345 1474 2373 certe

82 2412 154 2438 nec
175 2400 480 2447 Gemblacensis,
502 2414 573 2438 nec
594 2401 659 2450 qui
686 2407 807 2438 aetate
837 2400 989 2439 inferior
1019 2413 1066 2439 eo
1089 2401 1369 2450 quinquaginta
1397 2400 1474 2438 fere

81 2466 193 2502 annis
226 2466 393 2503 creditur
421 2466 642 2515 Lipsiensis,
673 2466 754 2503 sine
783 2466 978 2503 Vossiano
1012 2466 1183 2504 secundo
1217 2465 1473 2503 satisfaciunt:

82 2530 188 2580 quod
219 2543 297 2581 quo
330 2532 570 2570 manifestius
604 2538 749 2581 pateret
782 2531 1009 2580 legentibus,
1042 2532 1208 2580 integros
1246 2531 1473 2581 plerumque
