1786 2878
247 138 327 177 124
666 135 862 167 NOCTES
891 135 1222 167 MANJLIANAE

254 239 366 277 Voss.²
412 245 539 277 manet
559 239 611 276 ed.
633 238 743 276 Rom.
762 249 875 287 1510.
923 246 1079 277 manent
1096 239 1252 277 Iacobus
1293 239 1398 277 Forl.
1415 240 1537 290 Inque
1559 240 1634 278 alio

241 304 506 355 quaerendum
527 304 670 354 aliquid
728 305 942 354 iunctisque
954 306 1133 354 plerique.

299 370 452 407 Praeter
479 370 631 407 solitum
655 370 747 406 uitia
774 370 834 408 hic
863 371 1053 408 contraxit
1077 369 1242 415 Gembl.,
1263 371 1466 420 praecipue
1487 371 1525 407 in
1558 373 1633 419 369

243 436 353 473 cuius
381 447 471 473 uera
501 435 757 473 conformatio
786 448 808 473 a
837 436 972 473 ceteris
1003 435 1106 473 MSS
1129 437 1294 485 petenda
1323 444 1389 473 est.
1448 436 1635 483 Quicum

243 502 451 550 quaerenda
473 499 550 550 (uel
563 499 638 551 -d0)
655 502 751 537 mali
762 500 838 551 (uel
853 502 926 553 -la)
941 503 1033 550 quid
1045 502 1118 553 (uel
1135 503 1233 550 quod
1243 500 1306 551 esl)
1325 509 1530 551 praestent,
1545 502 1634 539 hinc

244 579 339 604 eruo
369 567 576 616 quaerenda
603 567 698 603 mali
718 568 820 616 quid,
842 566 877 604 h.
894 580 926 605 e.
957 567 1221 616 quaerendum
1246 567 1412 616 aliquid:
1445 580 1572 617 neque
1596 569 1635 604 in

244 633 329 677 allo,
351 632 471 669 sedin
492 633 589 678 alz'o;
620 644 710 669 nam
731 632 881 681 singula
901 640 1001 671 astra
1020 639 1075 670 tot
1092 633 1184 670 dant
1200 633 1309 676 uires,
1328 633 1508 670 dominos
1524 639 1636 682 quot-

244 709 411 747 cumque
446 704 670 746 receperunt
704 696 826 748 (315),
857 698 962 748 quod
996 699 1089 748 quid
1120 705 1177 736 est
1210 698 1314 735 aliud
1344 711 1461 748 quam
1503 700 1637 735 z'unclz's

244 763 389 800 uiribus
408 775 487 800 non
508 764 648 800 cunctis
662 765 683 799 ,Ρ

299 833 460 866 ostenlur
494 828 689 866 Bentleius
727 829 764 865 in
803 833 984 866 oslenlanl
1018 829 1239 878 refingebat‚
1279 841 1358 877 quo
1396 830 1517 866 uerbo
1550 829 1636 866 Ma·

246 894 358 931 nilius
381 906 574 944 nusquam
600 894 693 932 alias
716 907 808 932 usus
828 903 895 932 est.
972 894 1119 932 Contra
1147 896 1337 932 ostendunt
1357 896 1508 944 saepius
1533 896 1636 944 apud

245 971 334 997 eum
363 959 512 1008 legitur,
533 968 570 998 et
599 960 637 996 in
665 959 759 998 locis
789 960 989 998 simillimis
1016 960 1087 997 ΙΙΙ.
1111 973 1186 1008 513
1208 960 1288 996 Per
1307 974 1394 1009 quos
1414 963 1637 1009 praeczpuczs

245 1026 436 1062 ostendunt
469 1026 622 1073 singula
660 1026 771 1070 uires,
803 1025 832 1062 I.
868 1027 956 1072 464,
998 1037 1019 1073 5
1052 1026 1209 1075 formas
1250 1027 1459 1074 dtlvz'ungere
1495 1031 1636 1063 lantum

248 1090 423 1129 Contenta
443 1095 478 1127 el
501 1091 615 1127 slellz's
638 1091 815 1127 ostendere
834 1091 958 1128 sidera
977 1092 1096 1137 cerlis,
1118 1090 1185 1127 IV.
1208 1103 1284 1139 439
1310 1092 1514 1129 Oslendz'sse
1533 1093 1636 1130 deum

243 1158 335 1193 satis
354 1161 414 1201 est,
435 1156 538 1192 dabit
555 1157 629 1204 lpse
647 1157 789 1193 sibimet
805 1156 992 1193 Pondera.

301 1221 435 1260 Toties
457 1222 487 1258 si
508 1221 661 1259 Gembl.
684 1234 706 1258 a
727 1234 819 1259 uero
848 1221 1050 1268 aberrauit,
1072 1234 1120 1259 ne
1141 1223 1234 1259 nolis
1254 1221 1408 1271 quidem
1439 1235 1509 1271 pro
1531 1228 1637 1260 certo

246 1287 469 1325 habendum
490 1294 557 1324 est.
615 1285 727 1324 Bona
747 1299 834 1336 pars
859 1287 1039 1324 codicum
1063 1288 1169 1324 nodis
1193 1300 1279 1324 cum
1301 1295 1476 1336 praestet,
1498 1301 1544 1325 ex
1566 1287 1638 1325 hoc

245 1355 355 1390 nudis
375 1365 490 1391 eruo:
519 1353 638 1389 titulis
666 1353 786 1399 nudis,
809 1353 891 1390 siue
913 1365 981 1402 per
1001 1365 1053 1398 se,
1075 1365 1154 1390 non
1182 1361 1239 1390 est
1266 1353 1511 1390 credendum.
1563 1353 1636 1389 ΙΙΙ.

250 1423 336 1467 158,
369 1431 391 1467 9
425 1431 522 1455 nunc
550 1431 592 1454 ne
617 1419 817 1466 permixta
846 1419 1013 1467 legemem
1047 1418 1299 1469 Cetgfundanl,
1330 1419 1442 1456 nudis
1469 1419 1561 1455 salis
1589 1423 1641 1455 esl

246 1486 414 1522 insistere
432 1483 612 1521 membris.

301 1594 369 1632 IV.
391 1595 577 1643 382—386

409 1659 494 1697 Nec
523 1660 582 1696 leo
611 1666 771 1697 uenator
800 1660 926 1697 ueniet
955 1672 1025 1697 nec
1056 1661 1166 1708 uirgo
1196 1660 1377 1709 magistra

410 1725 604 1762 Mensuris
634 1732 696 1761 aut
727 1725 821 1762 libra
851 1733 989 1774 potens
1019 1733 1082 1762 aut
1114 1725 1296 1774 Scorpius
1324 1725 1440 1762 armis

410 1790 701 1839 Centaurusque
730 1789 797 1827 feri
828 1790 924 1838 signi
954 1790 1214 1840 Capricornus
1244 1798 1280 1828 et
1308 1791 1422 1827 undis

303 1858 381 1905 385
411 1855 499 1904 Ipse
528 1856 579 1892 tui
608 1855 757 1892 iuuenis
786 1856 1005 1906 geminique
1035 1868 1102 1905 per
1131 1868 1299 1905 aequora
1328 1856 1454 1905 pisces

410 1920 535 1958 Mixta
565 1920 631 1958 sed
661 1920 700 1957 in
728 1920 847 1970 pluris
877 1921 1071 1958 sociantur
1101 1921 1224 1958 sidera
1253 1922 1353 1959 uires

305 2001 380 2047 384
413 1998 498 2035 feris
528 1997 606 2046 igni
637 1996 746 2034 Voss.¹
774 2010 820 2034 m.
842 2011 905 2034 sec.
927 1997 1026 2035 serus
1055 1998 1134 2047 igni
1165 1997 1275 2034 Voss}
1304 1997 1638 2047 771.pr.serissigni

247 2065 297 2102 ed.
314 2065 423 2102 Rom.
446 2073 545 2111 1510
592 2066 666 2112 385
690 2064 741 2100 tui
769 2064 940 2101 Vossz'cznz'
955 2064 1033 2101 suis
1054 2064 1105 2100 bo
1125 2065 1236 2112 uulgo
1283 2063 1424 2100 Malim
1447 2064 1531 2101 tuis.

304 2129 424 2167 Miror
453 2129 645 2166 neminem
667 2128 750 2177 Ipse
768 2130 842 2166 tuis
861 2141 1075 2174 remeasse,
1097 2141 1206 2166 more
1235 2128 1458 2174 Maniliano,
1481 2129 1529 2166 de
1559 2140 1639 2177 quo

249 2195 368 2232 fusius
402 2194 479 2232 dixi
509 2194 556 2231 ad
586 2194 648 2231 lib.
680 2194 729 2230 ΙΙ.
789 2193 949 2243 Semper
979 2193 1057 2231 fere
1086 2206 1206 2230 unum
1242 2193 1399 2243 aliquod
1429 2206 1450 2231 e
1483 2193 1638 2232 Zodiaci

249 2261 367 2310 signis
387 2260 443 2297 sic
464 2259 682 2309 adloquitur
703 2267 827 2308 poeta.

304 2326 430 2363 Totus
451 2325 564 2373 igitur
588 2325 695 2362 locus
715 2325 767 2361 sic
790 2325 949 2362 euadet:

412 2390 496 2428 Nec
526 2389 608 2427 Leo
638 2397 798 2426 uenator
827 2391 963 2435 ueniet,
995 2402 1064 2427 nec
1096 2389 1216 2438 Virgo
1247 2389 1442 2436 magistra,

413 2456 607 2494 Mensuris
636 2462 699 2492 aut
731 2454 844 2492 Libra
874 2463 1023 2505 potem,
1055 2462 1119 2492 aut
1150 2455 1333 2503 Scorpius
1362 2455 1488 2499 armis,

413 2522 700 2570 Centaurusque
732 2520 829 2566 seris,
861 2522 938 2570 igni
970 2521 1237 2570 Capricornus,
1269 2529 1305 2557 ct
1334 2519 1445 2556 undis
