1786 2878
239 148 313 189 xiv
802 155 1082 187 EDJTJONES

288 262 509 297 §lm-burne.
536 262 616 296 The
647 261 786 306 Sphere
816 261 856 295 of
884 262 1033 295 Marcus
1063 260 1238 295 Manilius
1265 261 1374 296 made
1399 272 1446 296 an
1474 263 1629 307 English

383 319 521 352 Poeni:
557 318 641 352 with
669 317 917 351 Annotations
948 317 1020 350 and
1052 327 1098 350 an
1127 316 1399 351 Astronomical
1423 318 1629 362 Appendix.

383 375 438 417 By
457 373 617 406 Edward
639 373 849 407 Sherburne
870 372 1036 416 Esquire.
1090 372 1243 406 Lonclon
1267 373 1365 416 1675.

290 428 433 463 Creeclae.
459 428 540 462 The
561 428 629 462 five
653 428 772 462 books
796 427 836 461 os
859 429 911 462 M.
933 426 1108 462 Manilius
1131 428 1228 462 done
1254 427 1330 462 into
1350 427 1507 472 English
1527 439 1632 464 verse

383 484 431 527 by
450 484 490 517 T.
513 484 553 517 C.
577 483 674 525 1697.

287 539 411 572 Bentl.
441 539 492 572 M.
527 538 670 572 Manilii
701 537 988 572 Astronomicon
1021 549 1064 573 ex
1098 537 1314 572 recensione
1348 545 1383 572 et
1417 549 1502 572 cum
1535 538 1633 573 notis

385 593 561 627 Richardi
582 593 750 627 Bentleii.
802 593 960 626 Londini
983 602 1081 636 1739.

340 648 460 683 Huius
477 648 612 683 edendi
631 659 756 682 curam
777 648 964 682 Bentleius
983 648 1133 692 patrueli
1154 648 1405 683 demandauit.

291 704 448 738 Stoeber.
476 704 574 738 Cura
592 709 627 737 et
647 703 769 738 studio
790 704 840 737 M.
862 702 966 737 Eliae
984 703 1165 738 Stoeberi.
1214 704 1450 748 Argentorati
1473 705 1573 746 1767.

289 759 485 803 Pingraei.
512 757 676 802 (Pingre)
696 758 951 802 interpretatio
971 758 1113 792 Gallica
1131 769 1214 792 cum
1234 759 1341 793 notis.
1393 759 1496 794 Paris
1520 760 1619 802 1786.

300 813 484 857 chlpz'ana
517 814 720 848 secundum
753 813 812 848 ed.
840 813 958 848 Bentl.
985 824 1069 847 cum
1098 813 1194 848 notis
1229 813 1424 848 uariorum.
1476 813 1635 849 Londini

390 869 487 902 1828.

291 923 408 958 Jacob.
453 924 506 958 M.
550 923 679 957 Manili
720 923 1004 958 Astronomicon
1047 923 1146 958 Libri
1191 924 1375 969 Quinque.
1435 925 1635 960 Recensuit

385 978 594 1013 Fridericus
609 979 732 1013 Iacob.
766 979 919 1013 Accedit
936 978 1050 1014 Index
1067 987 1102 1013 et
1117 979 1387 1023 diagrammata
1404 980 1635 1025 astrologica.

389 1034 548 1068 Berolini
573 1035 671 1076 1846.

339 1090 436 1124 Vsus
477 1096 532 1124 est
576 1090 733 1124 Iacobus
776 1089 966 1124 codicibus
1008 1090 1154 1124 Gembl.
1193 1090 1292 1135 Lips.
1332 1091 1417 1125 Cus.
1451 1091 1636 1125 Vossiano

386 1151 551 1189 utroque,
576 1145 641 1179 sed
667 1144 726 1178 uix
749 1144 837 1179 satis
861 1145 1066 1188 diligenter,
1092 1145 1120 1179 si
1145 1145 1193 1179 ad
1218 1145 1326 1180 huius
1351 1146 1487 1180 saeculi
1510 1157 1637 1180 curam

386 1200 479 1234 liber
494 1200 672 1244 exigatur.
721 1201 791 1235 Est
810 1207 935 1235 tamen
953 1201 1031 1235 sola
1049 1199 1164 1234 editio
1187 1211 1282 1245 quae
1304 1201 1486 1245 adparatu
1510 1201 1637 1236 critico

387 1262 564 1299 perpetuo
591 1255 772 1290 instructa
797 1255 922 1289 usibus
948 1255 993 1289 sit
1020 1255 1153 1290 idonea
1179 1256 1290 1291 hodie
1316 1256 1538 1300 legentium
1570 1257 1637 1291 ita-

386 1321 457 1354 que
490 1321 618 1345 uersus
652 1310 825 1345 carminis
858 1311 1051 1345 Maniliani
1083 1323 1229 1357 semper
1261 1312 1308 1346 ab
1339 1313 1408 1346 hac
1437 1318 1473 1346 et
1503 1323 1573 1357 ego
1603 1319 1638 1347 et

387 1365 610 1400 Thomasius
630 1365 664 1399 in
684 1366 1022 1400 Lucubratiom'bus
1039 1367 1272 1401 illaniliam's
1289 1367 1494 1402 citauimus.
