1786 2878
828 130 860 162 V
1481 131 1556 175 171

165 235 349 274 intellexit
377 235 580 274 Manilium
609 235 669 274 hic
700 248 747 273 ex
775 235 919 274 Ouidio
948 235 1117 286 pendere
1147 235 1241 274 Met.
1262 236 1335 274 viii.
1360 238 1558 285 260—546,

165 303 232 340 ubi
252 302 421 339 fabulam
446 303 527 352 apri
547 301 752 351 Calydonii
774 302 823 339 ab
842 301 1024 339 Atalanta
1044 309 1081 339 et
1102 301 1304 351 Meleagro
1325 303 1455 347 occisi,
1476 310 1558 339 tum

168 366 355 417 Meleagri
393 373 558 406 mortem
596 368 635 404 in
669 367 793 416 stipite
828 367 1019 417 combusti
1058 380 1126 416 per
1158 367 1364 404 Althaeam
1397 374 1559 404 matrem

166 434 366 470 enarrauit.
423 433 542 471 Hunc
572 444 736 482 sequens
762 432 986 471 Gronouius
1013 432 1268 470 Manilianurn
1299 445 1336 470 u.
1362 442 1434 481 177
1458 432 1560 469 Red-

167 498 367 547 denlemque
395 503 477 536 luae
496 506 568 548 per
596 503 745 536 mortem
774 511 927 534 munera
957 499 1077 535 malrz‘
1102 499 1245 548 optime
1275 499 1483 548 explicauit
1512 511 1560 536 ex

167 562 264 602 Met.
287 564 361 602 viii.
390 574 465 611 504
493 563 634 613 Bisque
664 564 800 609 datam,
822 565 992 612 primum
1014 569 1144 612 partu,
1174 577 1264 601 mox
1292 566 1412 613 sll'pz'le
1441 568 1560 612 rapto,

165 628 293 665 Redde
325 630 520 667 animam:
561 636 648 667 sunt
682 629 785 666 enim
819 642 972 665 munera
1006 641 1103 678 quae
1139 629 1360 679 Meleagros
1399 630 1565 666 reddidit

167 694 278 730 matri
308 695 386 732 uita
419 706 536 744 quam
572 695 629 732 bis
665 695 713 732 ab
744 706 789 731 ea
818 701 1031 744 acceperat,
1062 695 1187 743 primo
1217 696 1266 732 ab
1296 708 1341 732 ea
1370 695 1493 732 editus
1522 695 1562 731 in

165 759 303 805 lucem,
329 759 467 798 deinde
498 766 669 797 seruatus
695 772 718 796 a
744 765 867 796 morte
893 765 1100 809 postquam
1121 759 1286 797 Althaea
1313 761 1489 809 stipitem,
1514 759 1562 797 de

165 836 244 873 quo
265 825 365 862 salus
385 825 462 862 nati
481 825 687 874 pendebat,
709 837 731 862 a
752 825 882 862 Parcis
902 825 982 873 igni
1004 825 1226 874 impositum
1255 826 1444 874 eripuerat
1464 832 1501 863 et
1521 825 1561 862 in

164 889 422 939 penetralibus
442 890 526 928 imis
546 890 744 928 abdiderat
766 889 879 940 (Met.
894 890 966 927 viii.
985 900 1062 937 450
1084 890 1198 941 sqq).
1241 891 1393 929 Eodem
1415 891 1560 929 Ouidio

165 954 261 992 duce
282 954 502 993 Gronouius
522 968 592 1005 pro
613 956 875 1001 habitantibus,
896 956 1001 1006 quod
1022 967 1111 993 cum
1132 955 1288 994 Barthio
1308 957 1472 994 Aduers.
1485 969 1519 993 v.
1540 969 1556 993 1

164 1020 340 1058 delirium
370 1021 518 1070 insigne
548 1022 791 1059 librariorum
820 1029 944 1067 uocat,
972 1021 1178 1058 absentibus
1207 1023 1407 1060 scribebat.
1464 1022 1561 1060 Met.

164 1085 237 1123 viii.
259 1095 336 1134 515
357 1086 507 1124 Inscius
534 1092 639 1136 alque
667 1087 795 1124 absens
812 1088 976 1138 flamma
999 1086 1214 1136 Alleleagros
1243 1088 1288 1125 ab
1319 1089 1385 1125 illa
1415 1088 1559 1126 I're'tur.

164 1149 342 1189 Bentleio
371 1164 526 1202 quoque
557 1152 653 1190 haee
673 1152 864 1190 Gronouii
891 1152 1111 1189 coniectura
1136 1160 1240 1190 certa
1267 1153 1349 1190 uisa
1375 1159 1444 1199 est,
1471 1165 1560 1191 cum

165 1221 243 1254 tres
262 1216 355 1254 alios
375 1217 481 1255 locos
502 1217 665 1255 adferret
685 1218 749 1254 ubi
766 1218 813 1255 de
830 1217 1031 1266 Meleagro
1053 1218 1106 1255 sic
1127 1225 1309 1267 pereunte
1330 1218 1432 1256 idem
1447 1231 1562 1256 uoca-

164 1281 299 1318 bulum
312 1282 439 1320 absens
452 1283 611 1320 inlatum
625 1290 693 1328 est,
704 1283 758 1320 lb.
769 1285 856 1331 603,
869 1283 979 1319 Rem.
993 1292 1036 1330 72
1048 1282 1202 1332 1‚Prop.
1216 1284 1264 1321 iii.
1278 1296 1336 1320 22.
1352 1297 1373 1332 3
1383 1296 1413 1320 1.
1448 1283 1562 1321 Adde

165 1347 271 1396 quod
292 1346 528 1385 Vossianus2
548 1348 761 1385 habentibus
780 1355 957 1397 praestat,
979 1360 1059 1385 non
1081 1356 1120 1385 ut
1142 1349 1256 1385 ceteri
1277 1349 1530 1386 habitantibus
1544 1363 1560 1387 .-

165 1412 348 1462 quodque
382 1420 472 1462 post
505 1414 785 1462 adspz'rcznlzbus
822 1414 861 1450 in
901 1423 986 1461 175,
1021 1414 1085 1450 uix
1124 1414 1284 1451 alterurn
1317 1415 1560 1464 participium

166 1476 351 1515 Manilius
384 1478 509 1516 isdem
543 1479 672 1516 litteris
706 1479 878 1516 clausum
912 1479 1095 1515 inlaturus
1122 1477 1233 1517 erat¹.
1290 1479 1403 1529 Fugit
1431 1487 1562 1517 tamen

166 1542 414 1580 Gronouium
447 1544 560 1581 etiam
597 1546 670 1592 178
707 1557 754 1582 ex
788 1544 931 1582 Ouidio
971 1556 1197 1592 expressum
1231 1544 1360 1583 fuisse.
1417 1544 1496 1591 Qui
1530 1545 1562 1582 si

165 1607 406 1658 Meleagrum
442 1621 602 1648 narrans
636 1622 725 1648 curn
760 1610 916 1648 ardente
952 1610 1077 1659 stipite
1114 1610 1226 1648 simul
1260 1611 1431 1661 extingui
1464 1611 1560 1648 haec

164 1674 314 1724 scripsit

852 1736 1028 1767 crescunt
1057 1730 1234 1779 ignisque
1264 1730 1451 1779 dolorque

328 1793 678 1844 Languescuntque
707 1795 865 1832 iterum:
897 1794 1010 1832 simul
1040 1802 1098 1833 est
1127 1796 1317 1833 extinctus
1345 1803 1514 1846 uterque.

328 1860 451 1910 Inque
481 1861 585 1898 leues
615 1861 705 1898 abiit
734 1861 917 1910 paulatim
947 1861 1101 1909 spiritus
1132 1873 1243 1898 auras

328 1926 518 1963 Paulatim
547 1938 644 1964 cana
674 1938 838 1975 prunam
868 1926 1019 1963 uelante
1048 1926 1187 1972 fauilla,

161 1996 268 2034 idem
289 1996 384 2034 dixit
401 1997 586 2046 prolixius
607 1997 710 2046 quod
731 1996 915 2034 Manilius
935 1997 974 2033 in
994 2009 1115 2034 unum
1135 2009 1290 2035 uersum
1311 1998 1514 2037 contraxit.

221 2062 332 2101 Haec
359 2063 389 2101 si
413 2075 504 2101 uere
531 2063 781 2112 disputantur,
804 2063 1047 2100 scribendum
1077 2064 1146 2100 erit
1175 2064 1214 2101 in
1239 2072 1311 2112 179
1332 2064 1563 2111 Αίαῖαηίεοε,

165 2127 272 2178 quod
300 2128 340 2166 in
359 2119 576 2166 Vossiano²
603 2128 751 2177 legitur,
778 2141 858 2166 non
881 2128 1084 2175 Atlanteos,
1112 2135 1152 2165 ut
1181 2129 1335 2166 uolebat
1365 2128 1561 2168 Bentleius

166 2193 214 2231 de
235 2193 405 2231 Hercule
430 2201 615 2231 uenatore
646 2193 862 2244 (Claudian.
884 2194 931 2231 de
954 2194 989 2230 iv
1010 2206 1116 2231 cons.
1138 2194 1306 2232 Honorii
1330 2193 1424 2244 533)
1446 2195 1560 2232 inter-

166 2265 327 2308 pretans.
369 2259 497 2297 Etiam
518 2259 593 2297 hoc
613 2271 726 2296 uersu
743 2259 928 2297 Ouidium
950 2266 1101 2297 secutus
1118 2267 1175 2297 est
1195 2259 1388 2297 Manilius.
1433 2259 1561 2298 Prima

167 2324 271 2361 enim
306 2337 444 2374 aprum
482 2325 659 2375 quamuis
698 2324 772 2361 leui
810 2325 968 2362 uulnere
1006 2325 1189 2362 Atalanta
1235 2326 1396 2370 strinxit,
1435 2326 1561 2375 prima

211 2442 221 2460 ¹
245 2443 388 2476 Huetius
417 2445 644 2477 habitantibus
676 2445 907 2486 interpretatus
937 2449 987 2476 est
1017 2447 1025 2462 ‘
1039 2444 1197 2475 ἐνοικοῦσι
1229 2443 1390 2476 intestinis
1402 2442 1419 2482 3’
1455 2455 1562 2487 neque

167 2486 263 2518 aliter
279 2488 439 2520 Breiterus
458 2488 514 2530 (de
537 2489 763 2521 emendatione
788 2488 928 2529 Manilii,
947 2489 1104 2521 Hanover
1123 2487 1221 2529 1854)
1241 2493 1248 2505 ‘
1260 2488 1437 2530 exprimere
1454 2489 1561 2521 uoluit

168 2529 228 2570 τὴν
244 2529 363 2562 οἰκείαν
378 2531 512 2573 φλόγα.’
