1786 2878
755 130 813 159 JV
1411 132 1489 175 127

101 235 236 285 ripuit;
266 247 332 273 cur
347 236 479 284 gralia
500 232 627 283 syvsm
648 235 724 271 siue
743 236 836 282 systi
852 234 977 272 eidem
999 235 1234 285 denegetur?
1269 238 1492 285 praesertim

100 313 190 339 cum
220 300 374 349 Xystus,
404 299 545 338 Sz‘xtus
578 299 780 337 indiscrete
814 300 917 337 idem
951 301 1008 337 uir
1036 301 1248 350 appellatus
1282 302 1339 347 sit,
1370 310 1410 339 ut
1445 315 1492 339 ex

100 366 230 403 multis
251 365 510 403 monumentis
530 371 700 414 apparet,
721 371 758 402 et
779 378 826 402 ex
850 365 1038 420 laterculis
1060 366 1327 415 episcoporum
1349 366 1494 405 Roma-

100 443 239 468 norum
260 443 358 480 quae
380 430 584 468 Clintonus
605 430 720 467 edidit
740 430 841 467 Fast.
866 430 977 468 Rom.
999 431 1034 469 ii.
1052 443 1116 480 pp.
1135 443 1222 479 535,
1242 442 1332 480 537.
1381 431 1494 470 Cadit

99 496 202 533 enim
221 501 355 544 xystus
382 496 454 533 sub
478 495 651 545 regulam
678 507 796 545 quam
825 495 1093 533 Romanorum
1117 504 1254 546 poetae
1274 498 1314 534 in
1334 496 1494 535 Graecis

99 562 304 598 utebantur
338 560 558 598 uocabulis:
605 573 682 610 qua
716 560 763 597 de
798 573 837 598 re
870 561 957 598 audi
992 560 1207 599 Lucianum
1243 562 1407 601 Mueller
1440 564 1494 601 sic

100 626 350 664 disserentem
371 626 410 662 in
428 626 525 663 libro
545 625 593 663 de
614 638 653 663 re
673 626 829 663 metrica
849 639 886 675 p.
909 628 1007 675 318:
1050 627 1124 664 ‘Ac
1151 628 1317 676 primum
1338 629 1494 677 quidem

100 703 214 741 saepe
248 691 483 741 positionem
514 691 766 740 neglexerunt
795 691 834 728 in
864 692 992 729 uerbis
1021 693 1071 729 ab
1100 699 1183 730 zeta
1212 693 1494 742 incipientibus,

99 757 242 806 quippe
262 768 361 806 quae
381 755 521 794 Latino
542 769 606 794 ore
628 756 730 794 idem
750 756 976 807 plerumque
1002 758 1170 795 sonuerit
1197 759 1304 808 quod
1330 759 1494 809 simplex

99 822 219 859 sibila.
294 821 475 859 Ceterum
519 821 688 859 similiter
724 834 749 858 x
788 822 922 871 prioris
960 823 1076 871 partis
1115 824 1366 861 substantiam
1405 837 1494 862 cum

99 887 420 925 exuisset—unde
453 892 490 925 et
522 887 670 937 uulgari
708 899 886 925 sermone
924 895 1042 925 xanta
1080 888 1218 926 dicitur
1252 901 1323 938 pro
1362 898 1495 928 sancta

101 950 167 1004 [cf.
188 951 427 990 Terentian.²
451 962 552 1000 1154
573 964 630 1003 sq.
647 952 854 990 Commod.
875 965 911 1002 p.
932 955 1017 1001 158.
1042 951 1175 1005 21]—‚
1198 954 1362 992 eandem
1382 956 1495 993 traxit

98 1018 324 1064 libertatern,
347 1017 419 1055 nisi
442 1017 574 1067 inopia
601 1019 806 1057 uerborum
829 1019 878 1057 ab
905 1031 951 1057 ea
974 1019 1241 1069 incipientium
1263 1020 1312 1058 ad
1332 1020 1493 1058 nihilum

97 1095 158 1121 res
177 1081 430 1132 redigeretur.'

153 1165 222 1204 IV.
244 1176 429 1214 431—435
451 1166 504 1203 sic
523 1172 653 1204 extant
672 1166 711 1203 in
732 1166 885 1204 Gembl.

262 1230 338 1268 Sed
366 1231 450 1281 quis
478 1237 534 1269 tot
563 1244 746 1270 numeros
775 1233 884 1270 toties
914 1233 984 1270 sub
1013 1232 1095 1282 lege
1126 1232 1262 1271 referre

260 1296 341 1334 Tot
369 1303 497 1345 partes
525 1297 659 1334 iterare
688 1304 804 1346 queat
833 1304 888 1335 tot
918 1298 1065 1336 discere
1096 1311 1268 1336 summas

259 1361 334 1399 Per
362 1363 481 1411 partis
511 1375 647 1400 causas
676 1363 813 1401 faciem
842 1371 991 1401 mutare
1021 1363 1205 1413 loquendi

262 1427 476 1465 Incidimus
506 1428 536 1465 si
565 1429 682 1466 uerba
711 1429 814 1478 piget
843 1429 910 1466 sed
939 1430 1061 1478 gratia
1091 1429 1208 1466 deerit

155 1503 231 1540 435
262 1492 309 1529 In
337 1505 560 1542 uanumque
590 1493 698 1531 labor
727 1495 852 1531 caedit
881 1507 996 1544 quem
1027 1495 1188 1544 despicit
1219 1495 1328 1532 auris.

154 1580 228 1614 432
265 1567 409 1605 discere
450 1567 560 1604 Voss.1
593 1567 720 1605 dicere
764 1568 877 1605 Voss.²
934 1582 1010 1617 433
1047 1569 1119 1606 Per
1156 1570 1273 1618 partis
1311 1575 1493 1607 correclor

97 1633 313 1682 Lipsiensis.
369 1632 442 1670 Per
471 1633 586 1681 patris
617 1633 728 1670 Voss.2
751 1639 784 1670 el
808 1634 912 1683 [ζῷς.
938 1633 1070 1671 Iacobo
1101 1639 1192 1672 lcsle.
1251 1634 1324 1672 Per
1353 1648 1491 1684 paruas

108 1696 218 1735 Voss.1
275 1697 347 1735 Per
384 1698 501 1748 partis
539 1710 675 1736 causas
713 1701 882 1736 seruauit
917 1698 1090 1749 Scaliger
1132 1703 1215 1749 ‘per
1252 1702 1491 1749 singularum

140 1851 152 1868 ¹
176 1851 214 1882 In
231 1852 307 1884 loco
323 1852 480 1884 Varronis
500 1853 587 1894 apud
603 1853 690 1885 Non.
710 1852 781 1894 169.
797 1862 835 1883 10
851 1864 871 1883 a
880 1854 1010 1894 pariete
1026 1857 1086 1884 aul
1101 1854 1210 1894 egistis
1226 1853 1305 1885 latet
1322 1855 1438 1894 xystis,
1456 1858 1491 1885 ut

97 1902 254 1935 intellexit
275 1904 430 1946 Scaliger.
474 1905 539 1936 Illa
557 1915 585 1946 g
597 1916 636 1936 ex
650 1916 675 1936 x
690 1916 730 1936 an
747 1917 786 1937 ex
801 1916 816 1948 s
833 1906 1005 1947 prouenit?
1052 1905 1160 1937 Credo
1176 1906 1283 1946 systis,
1300 1906 1375 1937 inde
1393 1907 1491 1947 gistis

95 1959 262 1986 exaratum
280 1956 378 1988 fuisse
395 1956 432 1996 (S
450 1957 505 1998 Q).

138 2010 151 2027 ²
173 2021 204 2052 p.
225 2020 276 2053 39,
293 2011 342 2043 ed.
360 2011 571 2044 Lachmann:

312 2063 464 2105 Namque
488 2064 586 2096 etiam
611 2064 732 2106 duplex
755 2075 838 2106 quae
861 2065 955 2096 nobis
978 2076 1041 2096 una
1064 2065 1178 2096 relicta
1200 2069 1259 2104 est,

313 2115 513 2157 Principium
536 2117 627 2148 uerbi
651 2117 804 2157 quoniam
825 2117 967 2158 proferre
990 2117 1099 2148 Latini

312 2166 390 2198 Non
414 2168 502 2199 ualet
525 2173 557 2199 et
581 2173 706 2199 tantum
732 2167 841 2199 uocali
866 2168 996 2199 subdita
1020 2169 1127 2206 currit,

311 2218 398 2250 Cum
421 2219 584 2251 Graecum
607 2219 758 2251 inciderit
781 2230 898 2251 nomen
922 2231 987 2261 quo
1011 2230 1183 2261 possumus
1206 2218 1268 2257 uti,

311 2269 346 2301 Si
370 2276 444 2312 post
466 2271 622 2312 dactylon
646 2272 790 2308 accedat,
812 2271 859 2302 nil
883 2276 1029 2313 tempore
1052 2273 1156 2313 duplo

314 2322 454 2362 Officiet‚
479 2323 600 2364 gemini
624 2328 776 2364 poterunt
799 2323 886 2364 quod
910 2324 1050 2365 pandere
1073 2334 1195 2355 uersus.

311 2374 471 2405 Pontibus
493 2376 646 2406 instratis
668 2375 844 2406 coniunxit
866 2375 979 2406 littora
1002 2377 1138 2408 Xerxes.

312 2426 484 2466 Sanguine
506 2427 660 2457 turbatus
683 2426 831 2457 miscebat
854 2427 967 2457 litlora
991 2427 1160 2457 Xanthus.

312 2477 443 2507 Littera
466 2487 523 2518 pes
546 2478 646 2518 longa
670 2482 796 2509 constat
819 2478 1037 2519 breuibusque
1060 2478 1205 2508 duabus:

313 2528 477 2569 Tempora
501 2540 560 2560 nec
583 2529 683 2561 laedit
707 2529 838 2569 duplex,
864 2530 939 2570 quin
964 2530 1112 2570 dactylus
1137 2534 1232 2560 extet.
