1786 2878
809 139 867 169 JV
1447 141 1526 183 143

135 245 292 282 Iacobus
340 244 489 282 Ponere
519 254 632 292 passa
662 254 754 279 suos
783 242 883 291 ignis
915 253 1030 278 onere
1061 247 1174 290 atque
1196 240 1313 278 leuari
1335 240 1529 276 Brez'lfrus

135 323 282 348 uersum
304 312 380 355 684
401 310 569 358 spurium
590 308 720 345 habui!
733 306 932 343 Benllcz'lts.

190 376 353 425 Corrigo
368 380 585 423 laurumque
600 373 911 410 resoluiPondere
922 379 1040 420 passa
1060 376 1162 408 suos!
1172 370 1260 421 (sibi
1280 378 1336 408 est
1351 370 1529 419 Hucsms)

135 439 283 487 zgnz'qne
309 438 474 485 onerique
502 437 649 473 leuauit.
699 435 902 472 Ablatiuus
924 435 991 471 erit
1011 435 1123 481 oneri,
1147 434 1243 471 sicut
1273 435 1368 469 sorlz'
1387 433 1415 469 Ι.
1439 436 1528 480 813,

129 503 323 554 parlz'HI.
342 512 430 551 395.
460 502 644 551 Iuppiter,
661 501 863 549 Europam
880 500 995 537 dorso
1013 499 1149 545 ferens,
1164 506 1372 549 postquam
1390 499 1530 536 Creten

135 569 268 617 tetigit,
289 579 389 605 onus
417 579 528 605 suum
559 579 610 604 sc.
632 566 798 616 puellam
828 565 1014 614 deposuit,
1038 565 1246 614 ignemque
1278 577 1327 602 sc.
1358 576 1530 601 amorem

135 646 248 671 suum
270 633 395 670 statim
416 632 583 681 expleuit
604 644 693 669 cum
713 630 839 680 puella
860 632 1134 668 concumbens.
1186 630 1327 667 Similis
1348 638 1403 668 est
1424 630 1532 667 locus

136 698 184 735 V.
207 711 284 747 310
299 697 356 735 Et
364 699 515 747 parlier
535 698 695 734 iuuenem
716 709 906 745 somnoque
925 709 968 732 ac
989 700 1101 733 morte
1121 697 1270 732 leuauit.

190 763 258 801 IV.
284 765 358 812 718
381 775 464 813 sqq.
486 763 540 800 sic
561 762 688 800 traditi
709 770 797 799 sunt
818 762 857 798 in
881 760 1033 799 Gembl.

301 828 440 865 Martia
470 840 651 866 romanas
681 828 795 864 urbes
824 833 931 876 pater
958 826 1081 863 induit
1111 838 1178 864 ora

299 893 595 942 Gradiuumque
623 904 748 941 genus
777 892 942 930 miscens
971 892 1071 929 bene
1100 898 1286 941 temperat
1316 897 1432 928 artus.

195 969 271 1008 720
301 958 450 1007 Perque
479 958 672 996 coloratas
701 957 850 995 subtilis
879 957 998 1007 gretia
1026 963 1162 1005 gentes

301 1023 561 1073 Gymnasium
589 1022 755 1073 praefert
783 1022 891 1059 uultu
921 1022 1114 1071 fortesque
1143 1021 1339 1072 palestras.

299 1089 350 1126 Et
378 1089 518 1138 syriam
547 1088 717 1138 produnt
746 1088 834 1125 torti
863 1100 931 1136 per
959 1094 1135 1136 tempora
1164 1087 1286 1124 crines

301 1154 511 1204 Aethiopes
540 1154 734 1192 maculant
762 1154 897 1191 urbem
927 1153 1172 1202 tenebrisque
1201 1153 1366 1202 figurant

302 1220 480 1258 Perfusas
509 1219 711 1258 hominum
741 1226 874 1269 gentes
904 1219 1031 1256 minus
1060 1219 1164 1256 india
1191 1219 1301 1256 tostis

197 1295 271 1334 725
302 1286 538 1335 Progenerat
567 1286 818 1334 mediumque
847 1284 936 1322 facit
966 1284 1166 1321 moderata
1195 1290 1382 1321 tenorem.

302 1351 388 1388 Iam
416 1351 576 1401 propior
607 1351 794 1400 tellusque
823 1357 960 1387 natans
990 1350 1153 1399 aegiptia
1183 1349 1262 1387 nilo

303 1416 437 1454 Linius
466 1416 617 1465 irriguis
646 1416 810 1453 infuscat
840 1427 1004 1465 corpora
1034 1416 1191 1464 campis.

302 1481 454 1519 Paenus
483 1482 654 1519 arenosis
683 1481 868 1518 Afrorum
898 1480 1053 1529 puluere
1082 1481 1191 1518 terris

303 1547 484 1585 Exsiccat
512 1547 676 1596 populos
707 1553 744 1584 et
774 1545 1014 1583 Mauritanea
1044 1558 1187 1584 nomen

199 1622 275 1661 730
306 1612 394 1650 Oris
423 1612 538 1650 habet
567 1612 796 1662 titulumque
826 1624 896 1649 suo
925 1611 994 1649 fert
1023 1612 1106 1661 ipsa
1136 1611 1276 1650 colore.

198 1692 272 1737 718
309 1689 498 1726 Romanis
538 1689 710 1725 lss'osszizm'
735 1702 753 1725 ο
783 1689 887 1726 orbis
920 1688 1007 1725 Cass.
1083 1698 1157 1736 719
1201 1701 1324 1737 genus
1360 1701 1426 1726 om.
1469 1702 1487 1725 0
1517 1689 1537 1725 b

141 1755 275 1792 Venus
313 1754 512 1792 Bentlez'zts.
572 1764 645 1802 722
689 1753 855 1791 Ciferam
906 1751 1018 1789 Voss.2
1077 1762 1151 1801 723
1192 1754 1410 1803 tenerisque
1449 1754 1536 1791 Cus.

152 1818 262 1857 Voss.¹
322 1830 397 1868 724
417 1820 547 1858 indicit
567 1819 687 1857 hostis
714 1816 826 1856 I‘ossfl
858 1825 977 1856 tostas
998 1831 1016 1855 0
1045 1819 1150 1855 testis
1181 1817 1291 1856 Voss}
1351 1821 1426 1866 726
1449 1832 1537 1868 pro-

140 1885 245 1935 prior
264 1898 293 1922 0.
334 1886 418 1923 Iam
438 1885 597 1935 proprio
629 1884 738 1922 tellus
758 1883 931 1933 gaudens
952 1883 1144 1932 Aegyptia
1165 1883 1255 1921 Nilo
1276 1883 1400 1920 Bentl.
1461 1895 1535 1933 727

142 1950 275 1988 Linius
298 1950 387 1989 Cus.
418 1950 554 1988 Linnis
586 1948 643 2002 (ut
670 1951 903 1987 77227zz'u2'sum
933 1949 998 1997 esl)
1031 1948 1144 1986 l'oss.¹
1174 1949 1309 1987 Limus
1329 1950 1436 1999 Lz'ps.
1458 1955 1538 1987 leste

141 2016 270 2053 Iacobo
301 2016 444 2055 Lenius
477 2017 532 2054 bo
564 2015 725 2053 Limoso
758 2014 1023 2063 Rossbergz‘us.
1094 2016 1169 2062 728
1206 2014 1386 2052 Phoebus
1417 2015 1537 2053 Benll.

143 2094 328 2120 arenosus
355 2095 385 2119 0.
445 2091 520 2130 729
551 2086 798 2118 mauretanea
838 2077 952 2116 VOSS.2
988 2079 1215 2117 mauritania
1254 2079 1364 2117 Voss}
1395 2093 1538 2118 nouem

145 2146 234 2185 Cus.
293 2156 370 2195 730
393 2146 478 2184 Cris
508 2144 621 2183 Voss?
643 2145 735 2182 feret
765 2143 877 2182 Voss}
898 2144 1024 2182 calore
1043 2143 1210 2183 Iacobus.

197 2224 260 2249 uu.
285 2214 372 2260 718,
396 2221 470 2261 719
493 2211 587 2249 nihil
607 2211 750 2248 habent
771 2209 875 2259 quod
895 2209 1032 2247 mutari
1054 2210 1202 2255 debeat,
1220 2210 1339 2248 modo
1352 2210 1539 2247 Romanis

145 2290 192 2314 ex
213 2277 414 2315 Vossianis
434 2284 472 2314 et
485 2290 516 2324 0,
539 2277 644 2314 urbis
665 2288 711 2313 ex
731 2274 864 2312 Voss.2
884 2275 1091 2324 scripseris.
1140 2274 1326 2311 Romanis
1348 2274 1539 2313 Romulus

145 2343 249 2379 urbis
273 2347 385 2391 paler
413 2342 569 2380 Illas-lia
603 2354 670 2378 ora
705 2341 828 2377 z'ndm'l
854 2340 992 2377 faciem
1021 2340 1198 2377 bellicam
1229 2340 1372 2377 addidit
1403 2339 1538 2378 Martis

146 2408 264 2457 patris
297 2409 366 2455 sui,
396 2415 433 2446 et
466 2408 681 2446 Gradiuum
709 2419 828 2454 genus
863 2407 1015 2442 marcens
1049 2405 1346 2442 intermiscendo
1379 2405 1538 2442 Gradiui

148 2473 374 2522 sanguinem
393 2478 500 2510 artus
519 2477 694 2522 tempera!
707 2473 788 2509 bene
804 2472 842 2508 in
857 2472 1001 2508 bonam
1019 2471 1362 2508 conformationem
1384 2471 1538 2520 effingit.

153 2537 366 2576 Gradiuum
381 2551 499 2587 genus
518 2538 659 2576 locutio
681 2544 736 2575 est
754 2548 911 2585 compar
928 2536 1152 2574 Horatianis
1168 2535 1385 2572 ilfi‘lam‘um
1395 2537 1539 2584 flumen
