1786 2878
762 155 806 186 Il
1440 155 1489 198 77

104 267 230 292 uerum
255 253 401 292 nemis
428 259 496 292 aut
512 255 675 292 Astraea
702 259 770 292 aut
792 253 959 304 Erigone
988 254 1199 292 dicebatur:
1226 255 1346 304 spicas
1369 267 1494 301 manu,

103 321 349 369 caelatumque
362 333 412 358 ex
427 320 554 358 hebeno
558 321 741 370 pinacem,
757 321 986 369 argumentis
1003 321 1138 357 talibus
1152 320 1348 370 adferebat.
1392 319 1499 356 Erat

104 386 145 422 in
173 386 286 423 medio
314 387 398 423 auis
426 386 628 436 Aegyptia,
657 399 748 434 quae
776 385 857 423 Ibis
885 390 1107 435 memoratur
1136 386 1182 422 ab
1211 386 1349 423 incolis.
1420 384 1499 423 Sed

104 464 185 488 cum
197 456 324 500 petaso
352 456 482 489 uertex
509 456 616 500 atque
634 465 672 488 os
691 452 987 500 pulcherrimum
1010 451 1214 497 uidebatur,
1238 452 1337 500 quod
1351 452 1495 499 quidem

104 518 279 565 serpentis
300 518 448 565 gemini
471 517 651 554 lambebat
675 518 863 565 implexio.
921 515 1054 553 Subter
1082 517 1258 564 quaedam
1281 518 1496 565 praenitens

105 582 231 631 uirga,
258 583 363 618 czcz‘us
390 587 502 631 caput
528 586 714 627 auratum,
746 582 863 618 media
888 582 1039 631 glauca,
1060 583 1188 630 piceus
1205 581 1303 631 finis
1331 582 1491 619 extabat.

104 647 170 684 sub
198 647 335 684 dextra
363 648 497 684 testudo
526 648 768 695 minitansque
786 654 887 696 nepa,
909 660 932 683 a
952 647 1058 683 laeua
1082 653 1210 695 capra.
1267 646 1343 684 Sed
1358 648 1430 684 dilo
1452 660 1497 684 on

104 713 237 758 alitem,
253 725 344 761 quae
362 714 414 749 sit
430 714 587 749 oscinum
609 714 743 758 mitior,
758 713 796 748 in
817 713 1029 749 certaminis
1043 716 1294 761 temptamenta
1306 713 1494 761 pulsabat.

105 779 187 827 ipsa
215 791 300 815 uero
328 777 410 814 Ibis
426 782 686 827 praenotatum
709 779 813 826 gerit
835 790 961 814 nomen
990 779 1120 813 mensis
1151 778 1342 814 cuiusdam
1373 777 1496 815 stlem-

96 843 245 892 plziticz‘.
302 842 418 879 Hanc
463 843 631 880 tabellam
681 856 761 879 cum
800 844 981 891 ingestam
1027 842 1103 879 sibi
1135 844 1351 891 conspiceret
1385 844 1495 892 uirgo

105 913 287 953 ueneram,
308 909 392 945 licet
413 909 540 956 sponsi
562 912 788 957 cognosceret
804 913 1071 958 argumentum,
1093 912 1212 944 tamen
1236 922 1306 944 non
1333 922 1426 945 ausa
1446 914 1500 945 est

105 975 183 1011 sine
208 974 468 1023 supplicatione
493 975 666 1011 transire.
723 985 801 1023 quo
822 974 861 1010 in
885 973 972 1011 loco
993 973 1173 1022 Koppius
1193 973 1288 1011 duas
1309 974 1497 1023 imagines

107 1038 318 1088 sigillorum
357 1039 554 1089 expressit,
590 1039 746 1076 alteram
786 1039 824 1075 in
863 1051 941 1088 qua
978 1045 1066 1088 post
1100 1038 1336 1075 Mercurium
1374 1039 1496 1088 gallus

106 1104 338 1153 gallinaceus
367 1105 524 1142 erectior
552 1105 716 1150 incedit;
747 1105 786 1141 in
815 1104 931 1142 altera
960 1104 1126 1142 eundem
1157 1103 1391 1142 Mercurium
1419 1104 1496 1141 duo

106 1169 196 1218 galli
216 1158 263 1207 e⁶x
283 1169 445 1207 habenis
465 1182 577 1208 curru
598 1170 761 1208 trahunt.

161 1235 212 1272 ΙΙ.
234 1237 323 1284 948,
347 1249 369 1284 9
395 1236 448 1273 sic
467 1243 598 1274 extant
618 1236 656 1273 in
677 1235 829 1273 Gembl.

269 1300 380 1338 Vnus
410 1301 449 1338 in
477 1313 620 1340 occasu
648 1301 755 1339 locus
785 1309 841 1339 est
871 1313 983 1350 super
1013 1300 1072 1338 ille
1101 1307 1274 1337 ruentem

268 1365 497 1416 Praecipitat
525 1367 712 1404 mundum
742 1367 848 1404 terris
878 1373 916 1404 et
945 1366 1068 1404 sidera
1096 1367 1237 1403 mersit.

215 1432 324 1469 terris
344 1445 463 1469 omnes
572 1438 712 1470 mersat
733 1445 752 1469 0

163 1495 355 1534 Bentleius
375 1497 538 1535 correxit
557 1498 710 1534 tenebris
725 1502 759 1534 et
773 1497 895 1534 sidera
916 1498 1057 1546 mergit.
1107 1496 1291 1534 Stoebero
1313 1498 1499 1535 assentior

108 1574 222 1611 posse
242 1562 396 1611 quidem
416 1564 529 1599 terris
550 1563 603 1600 sic
623 1563 774 1600 retineri
800 1569 841 1599 ut
867 1562 1017 1599 datiuus
1039 1562 1094 1608 sit,
1118 1562 1350 1611 significetur
1371 1570 1498 1600 autem

109 1627 257 1664 caelum
286 1627 527 1665 horizontem
555 1635 735 1677 tangere:
768 1627 836 1665 sed
865 1636 900 1665 et
921 1628 1120 1665 obscurius
1149 1627 1261 1665 solito
1289 1628 1342 1665 sic
1363 1628 1499 1666 dixerit

109 1692 290 1730 Manilius
311 1700 347 1731 et
366 1695 477 1730 terris
496 1706 543 1731 ex
562 1695 695 1730 teneris
715 1700 751 1730 et
778 1693 850 1731 hoc
871 1706 918 1730 ex
939 1694 1091 1730 tenebris
1118 1699 1265 1742 poterat
1284 1693 1496 1742 deprauari.

107 1759 161 1795 At
189 1758 320 1795 inutile
350 1766 405 1796 est
425 1758 692 1796 Bentleianum
722 1760 881 1807 mergit:
911 1759 1023 1796 unice
1052 1771 1186 1796 uerum
1215 1764 1362 1805 mersat,
1393 1759 1498 1808 quod

108 1824 185 1860 iam
204 1830 307 1861 extat
332 1824 371 1861 in
391 1824 524 1862 codice
546 1824 645 1862 Coll.
674 1824 857 1874 Corporis
879 1824 1017 1862 Christi
1038 1822 1102 1873 (o),
1126 1825 1206 1861 siue
1236 1837 1258 1861 a
1285 1831 1498 1863 correctore

109 1888 334 1938 profectum,
352 1889 432 1927 siue
451 1889 632 1926 traditum
657 1890 875 1939 antiquitus.
935 1889 996 1927 Sic
1028 1889 1242 1926 Martianus
1272 1889 1431 1939 Capella
1451 1891 1498 1928 vi.

111 1956 186 2002 607
216 1961 332 2003 supra
361 1968 449 2003 quos
476 1955 533 1991 sol
555 1959 615 2001 est,
638 1955 697 1992 bis
725 1957 833 1991 cetius
861 1956 1034 1992 exoritur
1062 1955 1277 2003 tardiusque
1304 1960 1498 2007 mersatur.

109 2019 278 2056 Intendit
298 2032 458 2057 mersare
486 2020 566 2056 uim
594 2020 811 2069 principalis
831 2021 936 2057 uerbi
957 2033 1116 2069 mergere
1136 2021 1262 2069 potius
1282 2033 1399 2070 quam
1425 2020 1498 2058 fre-

110 2084 373 2135 quentatiuam
403 2084 511 2131 facit,·
541 2084 615 2123 hoc
641 2091 697 2123 est
726 2086 947 2128 mersitare;
978 2085 1016 2121 id
1045 2085 1254 2123 ostendunt
1274 2085 1346 2123 loci
1367 2086 1499 2135 quales

111 2155 200 2187 sunt
225 2149 362 2187 Catull.
390 2149 502 2187 lxviii.
534 2162 578 2198 13
610 2150 746 2199 Accipe
774 2151 856 2198 quis
875 2163 1010 2187 merser
1012 2151 1198 2199 fortunae
1212 2151 1392 2201 fluctibus
1413 2153 1499 2200 ipse,

111 2219 198 2252 ‘arn
225 2214 442 2264 plunged':
474 2214 572 2252 Hor.
595 2215 695 2265 Epp.
720 2215 741 2253 i.
768 2228 800 2252 2.
824 2227 870 2252 22
901 2216 1068 2252 aduersis
1097 2229 1220 2253 rerum
1251 2217 1498 2253 inmersabilis

111 2277 231 2314 undis.

165 2341 216 2378 II.
238 2352 327 2390 951,
351 2354 370 2378 2

328 2406 390 2444 Ne
418 2408 556 2446 mirere
585 2408 682 2457 nigri
711 2408 742 2444 si
771 2407 870 2446 Ditis
899 2408 1014 2446 ianua
1042 2408 1158 2446 fertur

326 2472 376 2510 Et
404 2472 522 2510 finem
552 2473 653 2510 uitae
683 2473 828 2511 retinet.
869 2472 1078 2526 [mortique
1108 2470 1283 2525 locatur}

167 2536 297 2574 Verba
316 2540 491 2587 mortique
511 2539 652 2575 locatur
672 2550 770 2587 quae
799 2550 923 2588 neque
944 2539 981 2575 in
1002 2539 1135 2576 ceteris
1155 2538 1350 2575 codicibus
1375 2549 1499 2586 neque
