1786 2878
843 132 875 164 V
1463 134 1539 176 177

147 253 369 279 enumerare
404 237 637 292 (130-139).
709 238 814 276 Fecit
854 238 956 275 idem
995 236 1191 283 Manilius,
1228 236 1387 275 fortasse
1426 238 1540 287 grati-

148 307 329 345 ficaturus
359 305 528 351 Tiberio,
561 305 625 355 qui
660 303 828 341 Drusum
859 303 1067 341 Caesarem
1099 309 1251 351 cymata
1286 302 1541 340 fastidientem

148 373 200 410 ob
229 372 303 410 hoc
332 372 539 420 castigasse
569 376 742 407 narratur
773 382 795 406 a
824 368 948 406 Plinio
979 368 1034 421 H.
1056 367 1107 405 N.
1130 369 1207 406 xix.
1233 377 1320 416 137.
1378 368 1427 405 Et
1454 369 1540 417 quis

148 449 230 475 non
249 437 344 474 uidit
364 436 536 474 caerulea
556 435 616 473 uel
637 434 952 485 purpurascentia
973 433 1063 471 folia
1083 434 1366 472 brassicarum?
1408 434 1542 470 Vnum

147 509 205 540 est
225 503 331 552 quod
360 501 579 551 scrupulum
602 500 741 544 iniciat,
756 501 931 549 gramine
947 515 958 537 .·
989 500 1027 536 id
1048 511 1128 536 non
1149 511 1196 535 ex
1215 500 1381 548 palmite,
1404 499 1471 536 sed
1500 506 1543 536 ut

149 568 242 605 alias
268 580 316 605 ex
339 568 516 616 germine,
546 566 643 604 sicut
670 565 837 603 Iacobus
863 565 993 610 uoluit,
1014 564 1190 601 uitiatum
1219 572 1289 602 est.
1345 564 1440 601 Plin.
1463 565 1538 602 xix.

155 645 170 670 1
180 646 228 680 44
245 637 296 670 est
309 634 403 669 inter
418 632 548 669 herbas
561 644 680 680 genus
695 631 882 667 inserendi
888 631 1072 679 praecisis
1090 643 1210 678 germ
1220 632 1263 667 in
1271 630 1309 666 ib
1319 643 1367 666 us
1380 635 1413 667 et
1426 630 1546 666 caulis

149 699 190 736 in
211 699 405 736 medullam
425 698 558 734 semine
576 710 626 734 ex
645 697 733 733 aliis
752 697 887 734 addito.
946 696 1082 745 Itaque
1104 696 1349 733 scribendum
1369 696 1439 733 erit

314 778 543 817 Caeruleum
573 778 672 816 foliis
701 778 913 816 uiridemue
943 778 980 814 in
1009 778 1180 827 germine
1211 777 1360 815 caulem

316 844 504 883 Conseret

153 927 188 965 h.
208 940 241 965 e.
263 926 453 965 brassicas
480 932 579 964 seret
605 926 685 964 siue
711 938 809 976 quae
840 926 938 964 foliis
965 933 1246 976 purpurascunt
1275 926 1355 964 siue
1379 938 1477 975 quae
1509 927 1548 962 in

155 993 291 1030 uiridia
334 992 564 1042 germinant.
639 991 742 1029 Nam
782 992 974 1042 plerisque
1022 992 1129 1030 color
1167 999 1224 1029 est
1262 992 1406 1038 uiridis,
1445 993 1548 1028 unde

155 1059 299 1097 Plinius
320 1059 457 1095 uiridis
476 1059 635 1103 seruari,
658 1058 883 1094 uirzditutem
904 1059 1088 1094 custodiri
1103 1058 1212 1094 tradit
1232 1057 1308 1095 xix,
1335 1070 1420 1104 142,
1448 1070 1534 1105 143.

210 1124 260 1163 V.
284 1126 359 1171 264
382 1136 466 1174 sqq.
489 1124 542 1161 sic
563 1123 796 1161 tradiderunt
816 1123 969 1161 Gembl.
991 1131 1027 1161 et
1048 1124 1161 1161 ceteri
1182 1123 1336 1161 codices

699 1206 737 1242 in
767 1213 899 1243 mutua
929 1218 1083 1255 pressos
1113 1205 1179 1255 (sc.
1203 1205 1332 1252 flores)

216 1275 292 1321 265
322 1272 514 1321 Incoquet
544 1279 658 1321 atque
688 1272 848 1309 arabum
878 1272 982 1309 siluis
1012 1271 1193 1308 mulcebit
1223 1271 1362 1308 odores

319 1337 368 1375 Et
397 1338 546 1375 medios
574 1346 771 1386 unguenta
800 1338 905 1374 dabit
934 1337 1134 1375 referentia
1163 1337 1275 1374 flatus

321 1403 358 1439 V
361 1412 374 1441 t
404 1404 449 1440 sit
478 1403 667 1440 adulterio
697 1415 878 1441 sucorum
907 1403 1028 1452 gratia
1058 1403 1192 1439 maior.

217 1487 292 1531 265
323 1497 421 1534 eque
448 1485 622 1522 Arabum
653 1497 682 1522 s.
709 1485 884 1522 miscebit
913 1485 1054 1522 odores
1083 1484 1280 1521 Reinesius
1309 1484 1556 1533 adstipulante

159 1549 323 1588 Bentleio
343 1550 408 1586 An
429 1550 620 1587 mutabit?
680 1552 754 1587 266
778 1549 920 1588 Medos
941 1549 1063 1586 Bentl.
1083 1550 1190 1586 citato
1216 1549 1319 1599 Verg.
1346 1548 1393 1587 G.
1414 1549 1449 1587 ii.
1478 1550 1552 1597 136

161 1615 368 1653 Medorum
389 1616 518 1653 siluae.

218 1681 401 1731 Speciosa
430 1688 487 1718 est
517 1680 736 1719 coniectura
769 1679 947 1726 Reinesii,
979 1692 1105 1729 neque
1135 1686 1264 1716 tamen
1294 1685 1419 1725 certa3
1464 1690 1555 1715 nam

161 1747 293 1785 debuit
313 1747 442 1796 potius
462 1759 574 1795 aque:
607 1758 678 1783 nec
696 1746 860 1782 mulcebit
874 1758 920 1783 ex
937 1746 1105 1791 miscebit,
1121 1745 1189 1782 sed
1202 1757 1249 1782 ex
1267 1745 1423 1781 mutabit
1437 1744 1555 1781 credo

161 1813 348 1851 uitiatum.
414 1811 563 1849 Eadem
594 1811 793 1848 tralatione
822 1823 913 1848 usus
943 1819 1000 1848 est
1038 1812 1125 1858 267,
1159 1811 1341 1847 adulterio
1375 1821 1556 1846 sucorum.

164 1878 314 1915 Manilii
334 1877 520 1926 interpres
537 1877 722 1914 Horatius
744 1877 789 1913 sit
809 1876 933 1925 Epod.
951 1876 1022 1913 xvi.
1042 1889 1170 1924 30-32
1190 1875 1372 1924 lVouaque
1392 1879 1558 1911 monstra

163 1944 337 1981 iunxerit
372 1943 520 1979 libidine
557 1942 692 1979 Mirus
730 1955 846 1988 amor,
876 1944 975 1979 iuuet
1003 1946 1044 1978 ut
1072 1943 1186 1990 tigres
1216 1941 1397 1977 subsidere
1427 1941 1558 1984 ceruis,

163 2009 407 2046 Adulteretur
434 2012 467 2045 et
495 2008 657 2044 columba
691 2008 815 2044 miluo.
890 2006 994 2044 Nam
1025 2008 1089 2056 qui
1124 2007 1235 2044 nouis
1266 2007 1392 2043 modis
1421 2005 1559 2042 herbas

165 2074 331 2112 floresue
355 2073 553 2122 coniungit
579 2079 619 2109 ut
648 2079 793 2109 mutata
819 2072 1064 2121 copulatione
1091 2072 1184 2109 noui
1211 2071 1349 2109 odores
1370 2077 1557 2113 creentur,

165 2140 198 2177 is
229 2139 341 2189 quasi
370 2138 596 2176 adulterium
626 2137 715 2175 facit
746 2150 936 2176 sucorum.
1010 2137 1072 2176 Sic
1101 2137 1153 2175 ΙΙ.
1185 2150 1233 2174 22
1256 2137 1379 2186 Atque
1406 2136 1560 2173 arbusta

166 2206 278 2254 uagis
297 2209 411 2241 essent
427 2204 524 2253 quod
538 2204 709 2240 adultera
724 2204 860 2252 pomis.

223 2270 270 2307 V.
294 2280 368 2318 273
391 2282 474 2319 sqq.
495 2269 548 2307 sic
570 2277 699 2306 extant
721 2269 759 2305 in
781 2268 934 2306 Gembl.

330 2346 524 2384 Amorum
553 2346 753 2394 ingenerat
783 2345 948 2382 studium
978 2345 1151 2394 rurisque
1181 2343 1332 2382 colendi

333 2412 565 2460 Seminaque
594 2411 634 2448 in
664 2410 798 2448 faenus
829 2411 982 2448 sulcatis
1011 2411 1162 2448 credere
1192 2410 1300 2446 terris

229 2485 304 2525 275
335 2476 578 2526 Vsuramque
609 2476 715 2526 sequi
745 2475 933 2513 maiorem
963 2483 1065 2513 sorte
1094 2475 1260 2523 receptis

335 2542 525 2592 Frugibus
554 2542 764 2579 innumeris
793 2548 907 2590 atque
935 2541 1072 2579 horrea
1103 2552 1284 2590 quaerere
1314 2539 1442 2578 messi.

863 2619 888 2644 N
