1786 2878
751 137 798 168 H
1412 140 1466 181 47

72 240 175 279 unde
203 252 327 279 acnua
353 247 440 279 sunt
453 240 480 288 3'
510 240 579 279 sed
599 241 637 278 in
658 241 839 280 omnibus
859 240 953 280 locis
974 253 1073 292 quos
1094 242 1288 291 congessit
1311 242 1469 281 Schnei-

71 306 185 344 derus
214 306 262 344 ad
284 306 444 345 Varron.
473 306 520 344 R.
540 306 587 344 R.
614 307 638 344 i.
663 319 711 344 10
740 313 797 345 est
827 319 1007 345 mensura
1036 308 1225 357 quaedam
1255 315 1359 346 certa
1387 310 1469 358 agri

70 384 198 421 neque
215 372 321 409 aliter
338 372 476 410 Heron
491 372 584 409 dixit
599 373 696 408 ἅκενα
717 372 797 410 siue
812 374 940 418 ὅκαινα,
957 372 1005 410 de
1021 385 1097 422 qua
1115 373 1327 411 Scholiasta
1340 373 1468 423 Apoll.

71 436 362 486 RhOd.lii.1323
375 439 489 473 ὅκαινα
502 439 539 473 δέ
551 439 626 474 ἐστι
641 439 763 485 μέτρον
778 439 942 474 δεκάπουν
954 430 1146 475 Θεῇσσαλῶν
1157 439 1290 486 εὕρεμα·
1307 440 1326 486 ἢ
1339 440 1481 487 ῥάβδοςΥ

67 504 240 550 ποιμενικὴ
260 504 351 551 παρὰ
366 506 563 552 Πελασγοῖς
582 505 758 552 ηὑρημένη·
788 506 865 552 περὶ
884 504 923 550 ἧς
938 503 1158 551 Καλλίμαχός
1177 507 1296 551 φησιν·
1319 506 1465 551 Ammon,

67 569 293 617 Ἀμφότερον,
311 571 446 617 κέντρον
459 585 496 605 τε
510 572 602 609 βοῶν
618 571 668 605 καὶ
684 570 808 616 μέτρον
821 569 975 616 ἀρούρης.
1011 569 1146 619 Itaque
1163 582 1243 607 non
1261 577 1339 607 tam
1356 571 1466 620 uirga

67 634 280 683 gromatica
300 634 368 671 erit
389 646 506 683 quam
531 634 615 683 ipsa
639 635 761 684 spatia
789 635 868 672 siue
897 635 1098 672 distantiae
1125 636 1362 674 mensurales
1383 637 1465 685 qui-

67 699 138 736 bus
168 699 308 748 singuli
336 699 469 748 anguli
497 699 792 749 hexagonorum
823 712 845 737 a
875 712 915 737 se
945 700 1175 738 diuiduntur.
1234 701 1395 739 Censor.
1417 701 1465 739 de

66 764 101 802 d.
118 777 155 801 n.
173 766 195 802 8
216 766 362 802 tertiam
383 766 565 816 szgng'fhrz‘
571 770 718 814 partem
739 767 843 803 uisus
864 767 924 803 ille
943 767 1130 804 metitur.
1168 766 1415 816 Quanquam,
1434 768 1465 805 si

64 830 162 865 ὅκενα
186 836 222 868 et
249 830 357 880 uirga
377 838 574 880 pastorum
599 837 635 868 et
664 843 846 869 mensura
867 831 1059 881 quaedam
1082 830 1160 877 fuit,
1182 831 1285 869 licuit
1305 832 1464 870 fortasse

66 894 249 934 Romano
278 896 379 934 idem
409 896 643 935 uocabulum
674 896 723 934 ad
749 897 918 946 uirgulae
946 897 1202 946 geometricae
1224 910 1315 935 usus
1341 904 1463 935 trans-

63 960 171 999 ferre.
229 961 304 999 Sed
324 961 419 1000 haec
440 962 720 1012 lexicographis
741 962 928 1012 relinquo.

118 1026 170 1065 ΙΙ.
193 1030 377 1076 379-383
400 1027 453 1065 sic
474 1033 606 1065 extant
625 1028 662 1064 in
684 1027 837 1065 Gembl.

228 1092 305 1131 Sed
333 1100 464 1130 tamen
493 1100 550 1130 est
580 1093 652 1130 illis
681 1092 832 1143 phebus
862 1093 933 1131 sub
963 1093 1047 1142 lege
1076 1094 1295 1143 propinqua

118 1159 196 1206 380
226 1158 346 1205 Quod
376 1170 458 1196 non
487 1158 683 1196 diuersum
714 1171 836 1208 genus
865 1159 971 1208 quod
1000 1160 1178 1197 euntibus
1207 1161 1317 1197 astris

226 1223 403 1262 Mascula
432 1224 500 1262 sed
529 1225 698 1262 maribus
728 1224 965 1273 respondent
994 1232 1145 1262 caetera
1175 1238 1290 1263 sexus

223 1289 395 1327 Feminei
425 1302 465 1327 se
495 1290 735 1338 coniungunt
765 1290 999 1327 commercia
1027 1290 1174 1328 mundi.

224 1355 286 1393 Sic
317 1355 525 1405 quicquam
554 1355 708 1392 alterius
738 1362 847 1404 paret
877 1362 1012 1393 natura
1042 1355 1174 1404 figuris

220 1420 271 1458 Et
301 1428 468 1470 cognata
497 1421 622 1458 iacent
651 1421 802 1469 generis
833 1421 904 1458 sub
935 1420 1082 1470 legibus
1111 1428 1223 1458 astra.

115 1495 191 1534 379
223 1486 373 1535 phebus
406 1487 467 1523 uel
495 1486 671 1536 phoebus
705 1487 805 1523 codd.
835 1491 983 1535 praescr
1019 1486 1130 1523 VOSS.2
1168 1487 1306 1536 quibus
1347 1486 1461 1524 Voss.2

58 1550 194 1589 foedus
214 1551 395 1601 Scalzggrer.
455 1554 532 1600 380
560 1558 616 1589 est
631 1556 720 1600 post
736 1564 859 1600 genus
879 1551 1012 1588 habent
1028 1554 1138 1589 celeri
1144 1556 1297 1600 praefer
1321 1551 1459 1590 Gembl.

57 1617 184 1666 quodo
205 1618 381 1655 euntibus
409 1616 521 1655 Voss.¹
551 1629 674 1666 genus
695 1617 972 1654 alternantibus
992 1616 1182 1654 Benllez'us
1209 1618 1459 1654 subeuntibus

56 1680 253 1719 Brez'lerus
273 1683 501 1720 coeuntibus
520 1695 593 1731 ego.
651 1684 723 1731 381
751 1682 925 1720 Mascula
946 1682 1014 1719 sed
1038 1682 1126 1720 Cus.
1149 1682 1254 1731 [ᾡς.
1275 1695 1304 1719 0.
1351 1682 1458 1720 Mas-

56 1747 144 1784 cula
173 1748 204 1785 si
230 1747 342 1786 Voss.¹
364 1748 528 1786 Masculi
558 1749 772 1786 samaribus
800 1748 914 1786 Voss?
976 1747 1032 1786 M.
1056 1761 1121 1786 sex
1143 1747 1325 1797 Scaliger.
1380 1751 1455 1796 382

56 1812 215 1850 Femine
249 1826 363 1851 sexus
393 1814 556 1863 iungunt
590 1813 706 1852 Voss.²
740 1826 872 1851 secum
906 1814 1070 1863 iungunt
1096 1815 1220 1852 Bentl.
1280 1815 1355 1862 383
1393 1813 1457 1851 Sic

55 1878 264 1928 quicquam
288 1878 376 1917 Cus.
396 1880 504 1929 szlm.
519 1884 552 1916 et
569 1892 587 1917 0
610 1880 671 1917 Sic
697 1879 881 1929 quicquid
912 1877 1022 1916 Voss.¹
1045 1879 1109 1916 Tu
1132 1879 1320 1929 quidquid
1345 1878 1459 1916 Voss?

58 1943 119 1981 Sic
140 1956 233 1998 qncss
253 1944 273 1982 b
305 1944 366 1982 Sic
394 1945 553 1994 inquam
579 1944 677 1982 Scal.
706 1945 768 1982 Sic
798 1956 1036 1994 quamquam
1056 1943 1179 1981 BenlL
1215 1944 1276 1982 Sic
1298 1956 1455 1994 quoque

54 2009 93 2046 in
123 2009 279 2047 Iacobus
308 2010 463 2048 alternis
492 2011 523 2048 b.
575 2012 651 2059 384
684 2010 795 2048 certis
825 2023 947 2059 marg.
972 2010 1124 2060 generis
1153 2011 1174 2047 b
1203 2010 1353 2059 legibus
1383 2010 1456 2047 sub

53 2074 203 2123 legibus
234 2075 412 2113 Vossz‘anz'.

108 2140 238 2190 Pergit
258 2149 374 2190 poeta
394 2141 442 2179 de
462 2141 699 2192 hexagonis:
729 2140 778 2178 Et
807 2147 938 2178 tamen
967 2147 1025 2178 est
1052 2140 1211 2191 quidam
1240 2152 1455 2178 consensus

52 2205 150 2243 inter
170 2218 210 2243 se
231 2206 350 2255 signis
370 2206 582 2255 hexagonis
599 2207 689 2256 quia
705 2218 804 2255 quae
823 2218 863 2243 se
879 2212 1041 2255 tangunt
1058 2206 1202 2244 alterna
1220 2219 1248 2252 1,
1269 2219 1303 2254 3,
1322 2215 1400 2254 5,7,
1417 2219 1453 2254 9,

57 2283 73 2308 1
86 2283 100 2307 1
117 2277 154 2308 et
169 2283 299 2309 rursus
318 2284 351 2318 2,
375 2284 410 2318 4,
433 2274 468 2318 6,
494 2273 529 2318 8,
548 2284 606 2317 10,
628 2285 671 2308 12
692 2284 785 2309 sexu
802 2271 1052 2318 concordant,
1071 2271 1132 2309 illa
1149 2272 1253 2322 quod
1269 2271 1454 2318 mascula,

51 2335 148 2374 haec
168 2337 274 2386 quod
293 2336 460 2374 feminea
485 2343 584 2374 sunt.

105 2413 143 2439 u.
165 2403 242 2450 380
274 2403 371 2451 quod
392 2403 560 2440 euntibus
588 2401 913 2451 palaeographiae
943 2403 1151 2440 obsecutus
1179 2402 1218 2438 in
1248 2401 1454 2438 coeuntibus

51 2473 182 2504 muto:
211 2469 307 2504 coire
326 2467 504 2505 dicuntur
525 2474 626 2505 astra
651 2467 804 2504 alternis
832 2467 962 2504 iuncta
983 2480 1049 2517 per
1069 2467 1329 2515 hexagonum,
1350 2478 1452 2503 mas-

51 2531 137 2569 cula
167 2532 276 2569 Aries
306 2545 394 2571 cum
415 2532 605 2578 Geminis,
627 2532 782 2570 Gemini
813 2544 901 2569 curn
932 2532 1077 2577 Leone,
1099 2531 1181 2569 Leo
1212 2543 1299 2568 cum
1324 2531 1449 2577 Libra,
