<?xml version="1.0" encoding="UTF-8"?>
<!DOCTYPE html PUBLIC "-//W3C//DTD XHTML 1.0 Transitional//EN"
    "http://www.w3.org/TR/xhtml1/DTD/xhtml1-transitional.dtd">
<html xmlns="http://www.w3.org/1999/xhtml" xml:lang="en" lang="en">
 <head>
  <title>
</title>
<meta http-equiv="Content-Type" content="text/html;charset=utf-8" />
  <meta name='ocr-system' content='tesseract 3.04.00' />
  <meta name='ocr-capabilities' content='ocr_page ocr_carea ocr_par ocr_line ocrx_word'/>
</head>
<body>
  <div class='ocr_page' id='page_1' title='image "./noctesmanilianae00elliuoft_0226.png"; bbox 0 0 1786 2878; ppageno 0'>
   <div class='ocr_carea' id='block_1_1' title="bbox 251 145 1226 186">
    <p class='ocr_par' dir='ltr' id='par_1_1' title="bbox 251 145 1226 186">
     <span class='ocr_line' id='line_1_1' title="bbox 251 145 1226 186; baseline 0 0"><span class='ocrx_word' id='word_1_1' title='bbox 251 145 331 186; x_wconf 82' lang='lat'><strong>206</strong></span> <span class='ocrx_word' id='word_1_2' title='bbox 672 153 867 185; x_wconf 36' lang='lat' dir='ltr'><strong>As&#39;OCTES</strong></span> <span class='ocrx_word' id='word_1_3' title='bbox 894 153 1226 186; x_wconf 65' lang='grc' dir='ltr'><em>ΜΑΝῙΜΑΛἎΕ</em></span> 
     </span>
    </p>
   </div>
   <div class='ocr_carea' id='block_1_2' title="bbox 224 259 1640 2599">
    <p class='ocr_par' dir='ltr' id='par_1_2' title="bbox 407 259 1383 439">
     <span class='ocr_line' id='line_1_2' title="bbox 409 259 1363 308; baseline 0.002 -13"><span class='ocrx_word' id='word_1_4' title='bbox 409 259 561 306; x_wconf 76' lang='grc' dir='ltr'>εἴδωλον,</span> <span class='ocrx_word' id='word_1_5' title='bbox 591 262 630 296; x_wconf 83' lang='grc' dir='ltr'><strong>τὸ</strong></span> <span class='ocrx_word' id='word_1_6' title='bbox 658 261 718 306; x_wconf 80' lang='grc' dir='ltr'><strong>μὲν</strong></span> <span class='ocrx_word' id='word_1_7' title='bbox 746 264 838 298; x_wconf 80' lang='grc' dir='ltr'>οὔτις</span> <span class='ocrx_word' id='word_1_8' title='bbox 866 259 1043 296; x_wconf 76' lang='grc' dir='ltr'>ἐπίσταται</span> <span class='ocrx_word' id='word_1_9' title='bbox 1071 261 1232 308; x_wconf 79' lang='grc' dir='ltr'>ἀμφαδὸν</span> <span class='ocrx_word' id='word_1_10' title='bbox 1259 262 1363 297; x_wconf 83' lang='grc' dir='ltr'><strong><em>εἷπεῖν</em></strong></span> 
     </span>
     <span class='ocr_line' id='line_1_3' title="bbox 408 325 1383 376; baseline 0.003 -16"><span class='ocrx_word' id='word_1_11' title='bbox 408 325 478 361; x_wconf 75' lang='grc' dir='ltr'>οὐδ’</span> <span class='ocrx_word' id='word_1_12' title='bbox 508 326 591 362; x_wconf 84' lang='grc' dir='ltr'>ὅτινι</span> <span class='ocrx_word' id='word_1_13' title='bbox 619 326 777 371; x_wconf 82' lang='grc' dir='ltr'>κρέμαται</span> <span class='ocrx_word' id='word_1_14' title='bbox 805 328 910 364; x_wconf 83' lang='grc' dir='ltr'>κεῖνος</span> <span class='ocrx_word' id='word_1_15' title='bbox 938 329 1040 376; x_wconf 80' lang='grc' dir='ltr'><em>πόνῳ,</em></span> <span class='ocrx_word' id='word_1_16' title='bbox 1070 327 1161 361; x_wconf 82' lang='grc' dir='ltr'>ἀλλά</span> <span class='ocrx_word' id='word_1_17' title='bbox 1188 342 1247 373; x_wconf 88' lang='grc' dir='ltr'><strong>μιν</strong></span> <span class='ocrx_word' id='word_1_18' title='bbox 1274 330 1383 364; x_wconf 80' lang='grc' dir='ltr'>αὔτως</span> 
     </span>
     <span class='ocr_line' id='line_1_4' title="bbox 407 391 1211 439; baseline 0.001 -13"><span class='ocrx_word' id='word_1_19' title='bbox 407 391 612 439; x_wconf 82' lang='grc' dir='ltr'>Ἐγγόνασιν</span> <span class='ocrx_word' id='word_1_20' title='bbox 634 392 808 428; x_wconf 84' lang='grc' dir='ltr'>καλέουσι.</span> <span class='ocrx_word' id='word_1_21' title='bbox 1208 394 1211 397; x_wconf 77' lang='grc'><strong>’</strong></span> 
     </span>
    </p>

    <p class='ocr_par' dir='ltr' id='par_1_3' title="bbox 302 456 1481 503">
     <span class='ocr_line' id='line_1_5' title="bbox 302 456 1481 503; baseline 0.002 -12"><span class='ocrx_word' id='word_1_22' title='bbox 302 458 378 492; x_wconf 87' lang='lat'><strong>616</strong></span> <span class='ocrx_word' id='word_1_23' title='bbox 400 457 511 492; x_wconf 85' lang='grc' dir='ltr'>ὅντινα</span> <span class='ocrx_word' id='word_1_24' title='bbox 531 460 654 492; x_wconf 82' lang='grc' dir='ltr'>τοῦτον</span> <span class='ocrx_word' id='word_1_25' title='bbox 673 456 794 492; x_wconf 80' lang='grc' dir='ltr'>αἵστον</span> <span class='ocrx_word' id='word_1_26' title='bbox 812 457 1024 503; x_wconf 78' lang='grc' dir='ltr'>ὑπουρανίων</span> <span class='ocrx_word' id='word_1_27' title='bbox 1043 458 1192 492; x_wconf 76' lang='grc' dir='ltr'>εἰδώλων</span> <span class='ocrx_word' id='word_1_28' title='bbox 1211 487 1219 494; x_wconf 90' lang='grc'><strong>.</strong></span> <span class='ocrx_word' id='word_1_29' title='bbox 1242 485 1250 492; x_wconf 94' lang='grc'><strong>.</strong></span> <span class='ocrx_word' id='word_1_30' title='bbox 1276 485 1284 493; x_wconf 93' lang='grc'><strong><em>.</em></strong></span> <span class='ocrx_word' id='word_1_31' title='bbox 1305 457 1481 503; x_wconf 76' lang='grc' dir='ltr'>θηεύμεθα.</span> 
     </span>
    </p>

    <p class='ocr_par' dir='ltr' id='par_1_4' title="bbox 244 521 1640 833">
     <span class='ocr_line' id='line_1_6' title="bbox 303 521 1640 572; baseline 0.002 -14"><span class='ocrx_word' id='word_1_32' title='bbox 303 521 379 559; x_wconf 84' lang='lat' dir='ltr'><strong>Sed</strong></span> <span class='ocrx_word' id='word_1_33' title='bbox 417 521 484 559; x_wconf 89' lang='lat' dir='ltr'><strong>etsi</strong></span> <span class='ocrx_word' id='word_1_34' title='bbox 516 521 751 559; x_wconf 83' lang='lat' dir='ltr'><strong>Thomasius</strong></span> <span class='ocrx_word' id='word_1_35' title='bbox 790 522 1021 559; x_wconf 86' lang='lat' dir='ltr'><strong>sententiam</strong></span> <span class='ocrx_word' id='word_1_36' title='bbox 1060 522 1158 559; x_wconf 85' lang='lat' dir='ltr'><strong>bene</strong></span> <span class='ocrx_word' id='word_1_37' title='bbox 1197 523 1400 572; x_wconf 79' lang='lat' dir='ltr'><strong>perspexit,</strong></span> <span class='ocrx_word' id='word_1_38' title='bbox 1433 523 1640 561; x_wconf 84' lang='lat' dir='ltr'><strong>litterarum</strong></span> 
     </span>
     <span class='ocr_line' id='line_1_7' title="bbox 246 586 1640 636; baseline 0.002 -13"><span class='ocrx_word' id='word_1_39' title='bbox 246 587 381 624; x_wconf 89' lang='lat' dir='ltr'><strong>ductus</strong></span> <span class='ocrx_word' id='word_1_40' title='bbox 408 599 488 624; x_wconf 90' lang='lat' dir='ltr'><strong>non</strong></span> <span class='ocrx_word' id='word_1_41' title='bbox 517 586 681 623; x_wconf 90' lang='lat' dir='ltr'><strong>multum</strong></span> <span class='ocrx_word' id='word_1_42' title='bbox 710 586 871 636; x_wconf 89' lang='lat' dir='ltr'><strong>reliquit,</strong></span> <span class='ocrx_word' id='word_1_43' title='bbox 901 587 1059 636; x_wconf 92' lang='lat' dir='ltr'><strong>propius</strong></span> <span class='ocrx_word' id='word_1_44' title='bbox 1088 587 1181 624; x_wconf 86' lang='lat' dir='ltr'><strong>mihi</strong></span> <span class='ocrx_word' id='word_1_45' title='bbox 1216 587 1368 624; x_wconf 88' lang='lat' dir='ltr'><strong>uidetur</strong></span> <span class='ocrx_word' id='word_1_46' title='bbox 1401 588 1450 625; x_wconf 89' lang='lat' dir='ltr'><strong>ab</strong></span> <span class='ocrx_word' id='word_1_47' title='bbox 1484 588 1541 626; x_wconf 93' lang='lat' dir='ltr'><strong>his</strong></span> <span class='ocrx_word' id='word_1_48' title='bbox 1574 589 1640 626; x_wconf 82' lang='lat' dir='ltr'><strong>ab·</strong></span> 
     </span>
     <span class='ocr_line' id='line_1_8' title="bbox 246 652 1638 701; baseline 0.001 -12"><span class='ocrx_word' id='word_1_49' title='bbox 246 653 391 689; x_wconf 80' lang='lat' dir='ltr'><strong>futurus</strong></span> <span class='ocrx_word' id='word_1_50' title='bbox 412 652 525 689; x_wconf 88' lang='lat' dir='ltr'><strong>fuisse</strong></span> <span class='ocrx_word' id='word_1_51' title='bbox 546 652 576 689; x_wconf 89' lang='lat' dir='ltr'><strong>si</strong></span> <span class='ocrx_word' id='word_1_52' title='bbox 596 664 666 701; x_wconf 88' lang='lat' dir='ltr'><strong>pro</strong></span> <span class='ocrx_word' id='word_1_53' title='bbox 686 653 751 689; x_wconf 86' lang='lat' dir='ltr'><strong>cuz‘</strong></span> <span class='ocrx_word' id='word_1_54' title='bbox 766 653 870 689; x_wconf 85' lang='lat' dir='ltr'><em>nulla</em></span> <span class='ocrx_word' id='word_1_55' title='bbox 890 652 1129 701; x_wconf 70' lang='lat' dir='ltr'>praetulisset</span> <span class='ocrx_word' id='word_1_56' title='bbox 1144 654 1188 689; x_wconf 74' lang='lat' dir='ltr'><strong>si</strong></span> <span class='ocrx_word' id='word_1_57' title='bbox 1202 653 1289 690; x_wconf 80' lang='lat' dir='ltr'><em>lzuz&#39;c</em></span> <span class='ocrx_word' id='word_1_58' title='bbox 1309 654 1399 690; x_wconf 80' lang='lat' dir='ltr'><em>ulla.</em></span> <span class='ocrx_word' id='word_1_59' title='bbox 1444 653 1638 691; x_wconf 86' lang='lat' dir='ltr'><strong>Nimirum</strong></span> 
     </span>
     <span class='ocr_line' id='line_1_9' title="bbox 244 717 1639 768; baseline 0.001 -13"><span class='ocrx_word' id='word_1_60' title='bbox 244 719 387 756; x_wconf 82' lang='lat' dir='ltr'><strong>litterae</strong></span> <span class='ocrx_word' id='word_1_61' title='bbox 406 719 444 754; x_wconf 65' lang='grc' dir='ltr'><strong>,τί</strong></span> <span class='ocrx_word' id='word_1_62' title='bbox 459 724 613 766; x_wconf 88' lang='lat' dir='ltr'><strong>propter</strong></span> <span class='ocrx_word' id='word_1_63' title='bbox 631 717 869 767; x_wconf 86' lang='lat' dir='ltr'><strong>praecedens</strong></span> <span class='ocrx_word' id='word_1_64' title='bbox 888 719 948 754; x_wconf 76' lang='lat' dir='ltr'><strong>sin</strong></span> <span class='ocrx_word' id='word_1_65' title='bbox 968 718 1204 763; x_wconf 80' lang='lat' dir='ltr'><strong>exciderunt,</strong></span> <span class='ocrx_word' id='word_1_66' title='bbox 1227 719 1312 755; x_wconf 76' lang='lat' dir='ltr'><strong>huic</strong></span> <span class='ocrx_word' id='word_1_67' title='bbox 1331 720 1409 755; x_wconf 79' lang='lat' dir='ltr'><em>nlla</em></span> <span class='ocrx_word' id='word_1_68' title='bbox 1428 718 1466 755; x_wconf 91' lang='lat' dir='ltr'><strong>in</strong></span> <span class='ocrx_word' id='word_1_69' title='bbox 1483 720 1639 768; x_wconf 78' lang='lat' dir='ltr'><strong>guz’cula</strong></span> 
     </span>
     <span class='ocr_line' id='line_1_10' title="bbox 245 782 1410 833; baseline 0 -12"><span class='ocrx_word' id='word_1_70' title='bbox 245 784 325 822; x_wconf 85' lang='lat' dir='ltr'><strong>siue</strong></span> <span class='ocrx_word' id='word_1_71' title='bbox 340 784 491 832; x_wconf 76' lang='lat' dir='ltr'><strong>guz&#39;cola</strong></span> <span class='ocrx_word' id='word_1_72' title='bbox 511 789 698 819; x_wconf 81' lang='lat' dir='ltr'><strong>mutatum</strong></span> <span class='ocrx_word' id='word_1_73' title='bbox 720 790 787 820; x_wconf 89' lang='lat' dir='ltr'><strong>est.</strong></span> <span class='ocrx_word' id='word_1_74' title='bbox 846 782 1013 820; x_wconf 84' lang='lat' dir='ltr'>Versum</span> <span class='ocrx_word' id='word_1_75' title='bbox 1035 783 1163 833; x_wconf 77' lang='lat' dir='ltr'><strong>itaque</strong></span> <span class='ocrx_word' id='word_1_76' title='bbox 1185 783 1238 821; x_wconf 84' lang='lat' dir='ltr'><strong>sie</strong></span> <span class='ocrx_word' id='word_1_77' title='bbox 1260 784 1410 832; x_wconf 86' lang='lat' dir='ltr'><strong>refingo</strong></span> 
     </span>
    </p>

    <p class='ocr_par' dir='ltr' id='par_1_5' title="bbox 241 848 1638 1029">
     <span class='ocr_line' id='line_1_11' title="bbox 405 848 1530 898; baseline 0.001 -13"><span class='ocrx_word' id='word_1_78' title='bbox 405 848 646 897; x_wconf 79' lang='lat' dir='ltr'>Engonasin,</span> <span class='ocrx_word' id='word_1_79' title='bbox 677 848 708 885; x_wconf 88' lang='lat' dir='ltr'><strong>si</strong></span> <span class='ocrx_word' id='word_1_80' title='bbox 737 848 826 885; x_wconf 86' lang='lat' dir='ltr'><strong>huic</strong></span> <span class='ocrx_word' id='word_1_81' title='bbox 856 848 931 885; x_wconf 86' lang='lat' dir='ltr'><strong>ulla</strong></span> <span class='ocrx_word' id='word_1_82' title='bbox 960 848 1056 886; x_wconf 90' lang='lat' dir='ltr'><strong>fides</strong></span> <span class='ocrx_word' id='word_1_83' title='bbox 1085 850 1156 886; x_wconf 91' lang='lat' dir='ltr'><strong>sub</strong></span> <span class='ocrx_word' id='word_1_84' title='bbox 1186 849 1336 898; x_wconf 83' lang='lat' dir='ltr'>origine</span> <span class='ocrx_word' id='word_1_85' title='bbox 1366 856 1530 895; x_wconf 87' lang='lat' dir='ltr'><strong>constat,</strong></span> 
     </span>
     <span class='ocr_line' id='line_1_12' title="bbox 242 914 1638 964; baseline 0.001 -13"><span class='ocrx_word' id='word_1_86' title='bbox 242 915 382 964; x_wconf 88' lang='lat' dir='ltr'><strong>quibus</strong></span> <span class='ocrx_word' id='word_1_87' title='bbox 403 914 531 951; x_wconf 88' lang='lat' dir='ltr'><strong>uerbis</strong></span> <span class='ocrx_word' id='word_1_88' title='bbox 554 920 671 963; x_wconf 83' lang='lat' dir='ltr'><strong>poeta</strong></span> <span class='ocrx_word' id='word_1_89' title='bbox 696 914 870 951; x_wconf 82' lang='lat' dir='ltr'><strong>dubitare</strong></span> <span class='ocrx_word' id='word_1_90' title='bbox 898 925 939 951; x_wconf 88' lang='lat' dir='ltr'><strong>se</strong></span> <span class='ocrx_word' id='word_1_91' title='bbox 961 914 1161 963; x_wconf 86' lang='lat' dir='ltr'><strong>profitetur</strong></span> <span class='ocrx_word' id='word_1_92' title='bbox 1186 926 1280 951; x_wconf 85' lang='lat' dir='ltr'><strong>num</strong></span> <span class='ocrx_word' id='word_1_93' title='bbox 1308 915 1384 952; x_wconf 82' lang='lat' dir='ltr'><strong>ulla</strong></span> <span class='ocrx_word' id='word_1_94' title='bbox 1404 927 1497 952; x_wconf 84' lang='lat' dir='ltr'><strong>uera</strong></span> <span class='ocrx_word' id='word_1_95' title='bbox 1525 915 1638 952; x_wconf 87' lang='lat' dir='ltr'><strong>huius</strong></span> 
     </span>
     <span class='ocr_line' id='line_1_13' title="bbox 241 979 850 1029; baseline -0.002 -12"><span class='ocrx_word' id='word_1_96' title='bbox 241 980 410 1018; x_wconf 87' lang='lat' dir='ltr'><strong>nominis</strong></span> <span class='ocrx_word' id='word_1_97' title='bbox 431 986 582 1017; x_wconf 88' lang='lat' dir='ltr'><strong>constet</strong></span> <span class='ocrx_word' id='word_1_98' title='bbox 602 979 850 1029; x_wconf 81' lang='lat' dir='ltr'>etymologia.</span> 
     </span>
    </p>

    <p class='ocr_par' dir='ltr' id='par_1_6' title="bbox 295 1042 1016 1093">
     <span class='ocr_line' id='line_1_14' title="bbox 295 1042 1016 1093; baseline -0.001 -11"><span class='ocrx_word' id='word_1_99' title='bbox 295 1045 342 1082; x_wconf 93' lang='lat' dir='ltr'><strong>V.</strong></span> <span class='ocrx_word' id='word_1_100' title='bbox 366 1046 552 1093; x_wconf 84' lang='lat'>654-656</span> <span class='ocrx_word' id='word_1_101' title='bbox 575 1044 628 1083; x_wconf 88' lang='lat' dir='ltr'><strong>sic</strong></span> <span class='ocrx_word' id='word_1_102' title='bbox 649 1051 783 1082; x_wconf 80' lang='lat' dir='ltr'>extant</span> <span class='ocrx_word' id='word_1_103' title='bbox 803 1045 842 1081; x_wconf 92' lang='lat' dir='ltr'><strong>in</strong></span> <span class='ocrx_word' id='word_1_104' title='bbox 864 1042 1016 1081; x_wconf 89' lang='lat' dir='ltr'><strong>Gembl.</strong></span> 
     </span>
    </p>

    <p class='ocr_par' dir='ltr' id='par_1_7' title="bbox 401 1109 1543 1291">
     <span class='ocr_line' id='line_1_15' title="bbox 403 1109 1428 1159; baseline 0 -11"><span class='ocrx_word' id='word_1_105' title='bbox 403 1111 516 1148; x_wconf 82' lang='lat' dir='ltr'><strong>Certa</strong></span> <span class='ocrx_word' id='word_1_106' title='bbox 546 1123 614 1159; x_wconf 91' lang='lat' dir='ltr'><strong>per</strong></span> <span class='ocrx_word' id='word_1_107' title='bbox 642 1110 834 1147; x_wconf 79' lang='lat' dir='ltr'><strong>extinctos</strong></span> <span class='ocrx_word' id='word_1_108' title='bbox 863 1110 973 1159; x_wconf 88' lang='lat' dir='ltr'><strong>ponit</strong></span> <span class='ocrx_word' id='word_1_109' title='bbox 1002 1109 1167 1158; x_wconf 81' lang='lat' dir='ltr'><strong>uestigia</strong></span> <span class='ocrx_word' id='word_1_110' title='bbox 1195 1110 1286 1157; x_wconf 70' lang='lat' dir='ltr'><strong>llll</strong></span> <span class='ocrx_word' id='word_1_111' title='bbox 1316 1109 1428 1148; x_wconf 76' lang='lat' dir='ltr'><strong>funes</strong></span> 
     </span>
     <span class='ocr_line' id='line_1_16' title="bbox 402 1175 1268 1225; baseline -0.002 -11"><span class='ocrx_word' id='word_1_112' title='bbox 402 1176 453 1214; x_wconf 76' lang='lat' dir='ltr'><strong>Et</strong></span> <span class='ocrx_word' id='word_1_113' title='bbox 482 1176 578 1213; x_wconf 79' lang='lat' dir='ltr'><strong>caeli</strong></span> <span class='ocrx_word' id='word_1_114' title='bbox 607 1176 814 1214; x_wconf 82' lang='lat' dir='ltr'><strong>meditatus</strong></span> <span class='ocrx_word' id='word_1_115' title='bbox 842 1176 914 1213; x_wconf 87' lang='lat' dir='ltr'><strong>iter</strong></span> <span class='ocrx_word' id='word_1_116' title='bbox 943 1175 1105 1224; x_wconf 74' lang='lat' dir='ltr'><strong>uestigia</strong></span> <span class='ocrx_word' id='word_1_117' title='bbox 1134 1175 1268 1225; x_wconf 73' lang='lat' dir='ltr'><strong>perdet</strong></span> 
     </span>
     <span class='ocr_line' id='line_1_17' title="bbox 401 1240 1543 1291; baseline -0.001 -12"><span class='ocrx_word' id='word_1_118' title='bbox 401 1242 452 1279; x_wconf 83' lang='lat' dir='ltr'><strong>Et</strong></span> <span class='ocrx_word' id='word_1_119' title='bbox 481 1254 632 1291; x_wconf 81' lang='lat' dir='ltr'><strong>peneua</strong></span> <span class='ocrx_word' id='word_1_120' title='bbox 661 1249 698 1279; x_wconf 90' lang='lat' dir='ltr'><strong>et</strong></span> <span class='ocrx_word' id='word_1_121' title='bbox 727 1241 903 1291; x_wconf 86' lang='lat' dir='ltr'><strong>pendens</strong></span> <span class='ocrx_word' id='word_1_122' title='bbox 931 1240 1112 1290; x_wconf 82' lang='lat' dir='ltr'><strong>porul-um</strong></span> <span class='ocrx_word' id='word_1_123' title='bbox 1141 1240 1341 1290; x_wconf 80' lang='lat' dir='ltr'>suspendit</span> <span class='ocrx_word' id='word_1_124' title='bbox 1370 1242 1419 1278; x_wconf 87' lang='lat' dir='ltr'><strong>ab</strong></span> <span class='ocrx_word' id='word_1_125' title='bbox 1449 1241 1543 1291; x_wconf 88' lang='lat' dir='ltr'><strong>ipsa.</strong></span> 
     </span>
    </p>

    <p class='ocr_par' dir='ltr' id='par_1_8' title="bbox 235 1307 1635 1556">
     <span class='ocr_line' id='line_1_18' title="bbox 295 1307 1634 1357; baseline 0 -11"><span class='ocrx_word' id='word_1_126' title='bbox 295 1310 371 1357; x_wconf 84' lang='lat'><strong>654</strong></span> <span class='ocrx_word' id='word_1_127' title='bbox 406 1314 582 1346; x_wconf 84' lang='lat' dir='ltr'><strong>extentos</strong></span> <span class='ocrx_word' id='word_1_128' title='bbox 611 1307 779 1355; x_wconf 73' lang='lat' dir='ltr'><strong>chz&#39;om.</strong></span> <span class='ocrx_word' id='word_1_129' title='bbox 809 1307 919 1356; x_wconf 91' lang='lat' dir='ltr'><strong>ponit</strong></span> <span class='ocrx_word' id='word_1_130' title='bbox 951 1307 1088 1343; x_wconf 68' lang='lat' dir='ltr'><strong>codices</strong></span> <span class='ocrx_word' id='word_1_131' title='bbox 1120 1308 1286 1355; x_wconf 66' lang='lat' dir='ltr'><strong>plerique</strong></span> <span class='ocrx_word' id='word_1_132' title='bbox 1315 1314 1436 1356; x_wconf 90' lang='lat' dir='ltr'><strong>ponet</strong></span> <span class='ocrx_word' id='word_1_133' title='bbox 1463 1307 1634 1355; x_wconf 76' lang='lat' dir='ltr'><strong>Regz&#39;om.</strong></span> 
     </span>
     <span class='ocr_line' id='line_1_19' title="bbox 237 1373 1635 1423; baseline -0.001 -12"><span class='ocrx_word' id='word_1_134' title='bbox 237 1374 347 1412; x_wconf 87' lang='lat' dir='ltr'><strong>funes</strong></span> <span class='ocrx_word' id='word_1_135' title='bbox 376 1375 481 1412; x_wconf 74' lang='lat' dir='ltr'><strong>eliam</strong></span> <span class='ocrx_word' id='word_1_136' title='bbox 502 1374 607 1423; x_wconf 55' lang='lat' dir='ltr'><strong>[Aps.</strong></span> <span class='ocrx_word' id='word_1_137' title='bbox 632 1379 666 1410; x_wconf 80' lang='lat' dir='ltr'><strong>el</strong></span> <span class='ocrx_word' id='word_1_138' title='bbox 686 1373 857 1421; x_wconf 66' lang='lat' dir='ltr'><strong>Regma.</strong></span> <span class='ocrx_word' id='word_1_139' title='bbox 886 1373 982 1410; x_wconf 90' lang='lat' dir='ltr'><strong>fines</strong></span> <span class='ocrx_word' id='word_1_140' title='bbox 1004 1373 1182 1421; x_wconf 76' lang='lat' dir='ltr'><em>plerique.</em></span> <span class='ocrx_word' id='word_1_141' title='bbox 1241 1374 1318 1421; x_wconf 89' lang='lat'><strong>656</strong></span> <span class='ocrx_word' id='word_1_142' title='bbox 1351 1380 1388 1410; x_wconf 89' lang='lat' dir='ltr'><strong>et</strong></span> <span class='ocrx_word' id='word_1_143' title='bbox 1417 1384 1569 1422; x_wconf 86' lang='lat' dir='ltr'><strong>peneua</strong></span> <span class='ocrx_word' id='word_1_144' title='bbox 1598 1379 1635 1410; x_wconf 85' lang='lat' dir='ltr'><strong>et</strong></span> 
     </span>
     <span class='ocr_line' id='line_1_20' title="bbox 237 1436 1632 1490; baseline -0.001 -13"><span class='ocrx_word' id='word_1_145' title='bbox 237 1441 414 1490; x_wconf 89' lang='lat' dir='ltr'><strong>pendens</strong></span> <span class='ocrx_word' id='word_1_146' title='bbox 438 1439 528 1478; x_wconf 82' lang='lat' dir='ltr'><strong>Cus.</strong></span> <span class='ocrx_word' id='word_1_147' title='bbox 585 1439 635 1476; x_wconf 87' lang='lat' dir='ltr'><strong>Et</strong></span> <span class='ocrx_word' id='word_1_148' title='bbox 659 1451 759 1489; x_wconf 90' lang='lat' dir='ltr'><strong>pene</strong></span> <span class='ocrx_word' id='word_1_149' title='bbox 782 1436 851 1457; x_wconf 71' lang='lat'><strong>*⁷¹²*</strong></span> <span class='ocrx_word' id='word_1_150' title='bbox 875 1445 912 1476; x_wconf 89' lang='lat' dir='ltr'><strong>et</strong></span> <span class='ocrx_word' id='word_1_151' title='bbox 936 1439 1115 1488; x_wconf 88' lang='lat' dir='ltr'><strong>pendens</strong></span> <span class='ocrx_word' id='word_1_152' title='bbox 1146 1438 1258 1475; x_wconf 57' lang='lat' dir='ltr'><strong>Voss}</strong></span> <span class='ocrx_word' id='word_1_153' title='bbox 1278 1438 1444 1476; x_wconf 92' lang='lat' dir='ltr'><strong>torulum</strong></span> <span class='ocrx_word' id='word_1_154' title='bbox 1464 1437 1632 1486; x_wconf 74' lang='lat' dir='ltr'><strong>Regz‘om.</strong></span> 
     </span>
     <span class='ocr_line' id='line_1_21' title="bbox 235 1502 1424 1556; baseline -0.001 -13"><span class='ocrx_word' id='word_1_155' title='bbox 235 1506 358 1555; x_wconf 57' lang='grc' dir='ltr'>Λὶψ).</span> <span class='ocrx_word' id='word_1_156' title='bbox 378 1506 462 1556; x_wconf 81' lang='lat' dir='ltr'><strong>ipsa</strong></span> <span class='ocrx_word' id='word_1_157' title='bbox 486 1505 574 1543; x_wconf 81' lang='lat' dir='ltr'><strong>Cus.</strong></span> <span class='ocrx_word' id='word_1_158' title='bbox 596 1505 681 1554; x_wconf 92' lang='lat' dir='ltr'><strong>ipso</strong></span> <span class='ocrx_word' id='word_1_159' title='bbox 711 1505 890 1550; x_wconf 78' lang='lat' dir='ltr'><strong>Vossiam&#39;,</strong></span> <span class='ocrx_word' id='word_1_160' title='bbox 913 1504 932 1541; x_wconf 78' lang='lat' dir='ltr'><em>b</em></span> <span class='ocrx_word' id='word_1_161' title='bbox 948 1517 967 1541; x_wconf 91' lang='lat'><em>0</em></span> <span class='ocrx_word' id='word_1_162' title='bbox 988 1504 1195 1553; x_wconf 85' lang='lat' dir='ltr'><strong>suspendet</strong></span> <span class='ocrx_word' id='word_1_163' title='bbox 1215 1516 1233 1540; x_wconf 84' lang='grc' dir='ltr'><em>ο</em></span> <span class='ocrx_word' id='word_1_164' title='bbox 1252 1502 1424 1552; x_wconf 79' lang='lat' dir='ltr'><strong>Regz&#39;om.</strong></span> 
     </span>
    </p>

    <p class='ocr_par' dir='ltr' id='par_1_9' title="bbox 231 1568 1634 2331">
     <span class='ocr_line' id='line_1_22' title="bbox 291 1568 1634 1619; baseline -0.003 -11"><span class='ocrx_word' id='word_1_165' title='bbox 291 1571 557 1608; x_wconf 81' lang='lat' dir='ltr'><strong>Emendarunt</strong></span> <span class='ocrx_word' id='word_1_166' title='bbox 575 1569 632 1607; x_wconf 79' lang='lat' dir='ltr'><strong>Et</strong></span> <span class='ocrx_word' id='word_1_167' title='bbox 656 1577 773 1619; x_wconf 77' lang='lat' dir='ltr'><strong>paene</strong></span> <span class='ocrx_word' id='word_1_168' title='bbox 801 1574 843 1606; x_wconf 82' lang='lat' dir='ltr'><strong>nt</strong></span> <span class='ocrx_word' id='word_1_169' title='bbox 860 1570 1022 1618; x_wconf 78' lang='lat' dir='ltr'><strong>pendens</strong></span> <span class='ocrx_word' id='word_1_170' title='bbox 1050 1568 1231 1618; x_wconf 80' lang='lat' dir='ltr'><strong>Scaliger,</strong></span> <span class='ocrx_word' id='word_1_171' title='bbox 1255 1568 1314 1605; x_wconf 79' lang='lat' dir='ltr'><strong>Et</strong></span> <span class='ocrx_word' id='word_1_172' title='bbox 1330 1576 1454 1617; x_wconf 77' lang='lat' dir='ltr'><strong>perna</strong></span> <span class='ocrx_word' id='word_1_173' title='bbox 1476 1569 1634 1617; x_wconf 79' lang='lat' dir='ltr'><strong>pendens</strong></span> 
     </span>
     <span class='ocr_line' id='line_1_23' title="bbox 237 1633 1632 1684; baseline -0.003 -10"><span class='ocrx_word' id='word_1_174' title='bbox 237 1637 392 1674; x_wconf 78' lang='lat' dir='ltr'><strong>Isaaeus</strong></span> <span class='ocrx_word' id='word_1_175' title='bbox 412 1636 587 1681; x_wconf 82' lang='lat' dir='ltr'>Vossius,</span> <span class='ocrx_word' id='word_1_176' title='bbox 608 1635 734 1672; x_wconf 79' lang='lat' dir='ltr'><strong>Paene</strong></span> <span class='ocrx_word' id='word_1_177' title='bbox 753 1648 827 1672; x_wconf 73' lang='lat' dir='ltr'><strong>sua</strong></span> <span class='ocrx_word' id='word_1_178' title='bbox 856 1639 888 1671; x_wconf 82' lang='lat' dir='ltr'><strong>el</strong></span> <span class='ocrx_word' id='word_1_179' title='bbox 905 1636 1066 1684; x_wconf 78' lang='lat' dir='ltr'><strong>pendens</strong></span> <span class='ocrx_word' id='word_1_180' title='bbox 1089 1633 1296 1680; x_wconf 83' lang='lat' dir='ltr'><strong>Bentleius‚</strong></span> <span class='ocrx_word' id='word_1_181' title='bbox 1316 1633 1421 1671; x_wconf 86' lang='lat' dir='ltr'><strong>Pone</strong></span> <span class='ocrx_word' id='word_1_182' title='bbox 1440 1647 1508 1670; x_wconf 83' lang='lat' dir='ltr'><strong>sua</strong></span> <span class='ocrx_word' id='word_1_183' title='bbox 1531 1633 1632 1671; x_wconf 85' lang='lat' dir='ltr'>Dor-</span> 
     </span>
     <span class='ocr_line' id='line_1_24' title="bbox 236 1699 1631 1750; baseline -0.002 -10"><span class='ocrx_word' id='word_1_184' title='bbox 236 1703 373 1749; x_wconf 77' lang='lat' dir='ltr'><strong>ninius,</strong></span> <span class='ocrx_word' id='word_1_185' title='bbox 403 1701 447 1739; x_wconf 85' lang='lat' dir='ltr'><em>E</em></span> <span class='ocrx_word' id='word_1_186' title='bbox 464 1709 587 1750; x_wconf 78' lang='lat' dir='ltr'><strong>penna</strong></span> <span class='ocrx_word' id='word_1_187' title='bbox 617 1706 651 1738; x_wconf 84' lang='lat' dir='ltr'><strong>el</strong></span> <span class='ocrx_word' id='word_1_188' title='bbox 671 1702 833 1750; x_wconf 78' lang='lat' dir='ltr'><strong>pendens</strong></span> <span class='ocrx_word' id='word_1_189' title='bbox 862 1700 1029 1738; x_wconf 81' lang='lat' dir='ltr'><strong>Iacobus</strong></span> <span class='ocrx_word' id='word_1_190' title='bbox 1045 1713 1056 1747; x_wconf 71' lang='grc' dir='ltr'><strong><em>ς</em></strong></span> <span class='ocrx_word' id='word_1_191' title='bbox 1097 1699 1155 1737; x_wconf 80' lang='lat' dir='ltr'><strong>Et</strong></span> <span class='ocrx_word' id='word_1_192' title='bbox 1177 1707 1312 1749; x_wconf 74' lang='lat' dir='ltr'><strong>pegma</strong></span> <span class='ocrx_word' id='word_1_193' title='bbox 1340 1701 1526 1736; x_wconf 83' lang='lat' dir='ltr'><strong>escendens</strong></span> <span class='ocrx_word' id='word_1_194' title='bbox 1555 1711 1631 1748; x_wconf 86' lang='lat' dir='ltr'><strong>ego</strong></span> 
     </span>
     <span class='ocr_line' id='line_1_25' title="bbox 233 1765 1630 1815; baseline -0.003 -9"><span class='ocrx_word' id='word_1_195' title='bbox 233 1768 393 1806; x_wconf 87' lang='lat' dir='ltr'><strong>conieci.</strong></span> <span class='ocrx_word' id='word_1_196' title='bbox 455 1767 559 1804; x_wconf 82' lang='lat' dir='ltr'><strong>Nam</strong></span> <span class='ocrx_word' id='word_1_197' title='bbox 593 1772 816 1815; x_wconf 85' lang='lat' dir='ltr'><strong>corruptum</strong></span> <span class='ocrx_word' id='word_1_198' title='bbox 846 1766 939 1803; x_wconf 90' lang='lat' dir='ltr'><strong>illud</strong></span> <span class='ocrx_word' id='word_1_199' title='bbox 964 1773 1108 1814; x_wconf 77' lang='lat' dir='ltr'><strong>peneua</strong></span> <span class='ocrx_word' id='word_1_200' title='bbox 1142 1765 1364 1803; x_wconf 86' lang='lat' dir='ltr'><strong>inusitatum</strong></span> <span class='ocrx_word' id='word_1_201' title='bbox 1396 1765 1630 1803; x_wconf 83' lang='lat' dir='ltr'><strong>uocabulum</strong></span> 
     </span>
     <span class='ocr_line' id='line_1_26' title="bbox 235 1831 1631 1883; baseline -0.002 -13"><span class='ocrx_word' id='word_1_202' title='bbox 235 1834 375 1883; x_wconf 86' lang='lat' dir='ltr'>prodit.</span> <span class='ocrx_word' id='word_1_203' title='bbox 433 1832 532 1870; x_wconf 86' lang='lat' dir='ltr'><strong>Mox</strong></span> <span class='ocrx_word' id='word_1_204' title='bbox 554 1832 732 1881; x_wconf 81' lang='lat' dir='ltr'><strong>populum</strong></span> <span class='ocrx_word' id='word_1_205' title='bbox 748 1831 946 1880; x_wconf 68' lang='lat' dir='ltr'><strong>suspendet</strong></span> <span class='ocrx_word' id='word_1_206' title='bbox 966 1832 1012 1868; x_wconf 81' lang='lat' dir='ltr'><strong>ab</strong></span> <span class='ocrx_word' id='word_1_207' title='bbox 1036 1832 1115 1880; x_wconf 54' lang='lat' dir='ltr'><strong>(pso</strong></span> <span class='ocrx_word' id='word_1_208' title='bbox 1139 1843 1191 1869; x_wconf 90' lang='lat' dir='ltr'><strong>sc.</strong></span> <span class='ocrx_word' id='word_1_209' title='bbox 1211 1831 1355 1868; x_wconf 85' lang='lat' dir='ltr'><strong>tenebit</strong></span> <span class='ocrx_word' id='word_1_210' title='bbox 1379 1842 1588 1879; x_wconf 88' lang='lat' dir='ltr'><strong>suspensos</strong></span> <span class='ocrx_word' id='word_1_211' title='bbox 1608 1842 1631 1867; x_wconf 87' lang='lat' dir='ltr'>a</span> 
     </span>
     <span class='ocr_line' id='line_1_27' title="bbox 234 1896 1628 1948; baseline -0.003 -12"><span class='ocrx_word' id='word_1_212' title='bbox 234 1912 276 1936; x_wconf 87' lang='lat' dir='ltr'><strong>se</strong></span> <span class='ocrx_word' id='word_1_213' title='bbox 310 1900 395 1948; x_wconf 91' lang='lat' dir='ltr'><strong>ipso</strong></span> <span class='ocrx_word' id='word_1_214' title='bbox 429 1897 563 1947; x_wconf 87' lang='lat' dir='ltr'><strong>populi</strong></span> <span class='ocrx_word' id='word_1_215' title='bbox 601 1897 728 1934; x_wconf 87' lang='lat' dir='ltr'><strong>uultus</strong></span> <span class='ocrx_word' id='word_1_216' title='bbox 767 1897 843 1933; x_wconf 82' lang='lat' dir='ltr'><strong>iam</strong></span> <span class='ocrx_word' id='word_1_217' title='bbox 885 1896 950 1934; x_wconf 89' lang='lat' dir='ltr'><strong>diu</strong></span> <span class='ocrx_word' id='word_1_218' title='bbox 982 1897 1126 1934; x_wconf 85' lang='lat' dir='ltr'><strong>editum</strong></span> <span class='ocrx_word' id='word_1_219' title='bbox 1164 1903 1244 1934; x_wconf 89' lang='lat' dir='ltr'><strong>est:</strong></span> <span class='ocrx_word' id='word_1_220' title='bbox 1292 1896 1364 1933; x_wconf 90' lang='lat' dir='ltr'><strong>nisi</strong></span> <span class='ocrx_word' id='word_1_221' title='bbox 1402 1896 1462 1933; x_wconf 90' lang='lat' dir='ltr'><strong>cui</strong></span> <span class='ocrx_word' id='word_1_222' title='bbox 1500 1896 1628 1945; x_wconf 92' lang='lat' dir='ltr'><strong>potius</strong></span> 
     </span>
     <span class='ocr_line' id='line_1_28' title="bbox 233 1960 1626 2015; baseline -0.004 -13"><span class='ocrx_word' id='word_1_223' title='bbox 233 1964 400 2015; x_wconf 81' lang='lat' dir='ltr'><strong>placebit</strong></span> <span class='ocrx_word' id='word_1_224' title='bbox 419 1964 590 2008; x_wconf 73' lang='lat' dir='ltr'><strong>torulum,</strong></span> <span class='ocrx_word' id='word_1_225' title='bbox 613 1962 719 2012; x_wconf 83' lang='lat' dir='ltr'><strong>quod</strong></span> <span class='ocrx_word' id='word_1_226' title='bbox 739 1962 840 1999; x_wconf 85' lang='lat' dir='ltr'><strong>dedit</strong></span> <span class='ocrx_word' id='word_1_227' title='bbox 862 1962 1208 2011; x_wconf 84' lang='lat' dir='ltr'><strong>Regiomontanus,</strong></span> <span class='ocrx_word' id='word_1_228' title='bbox 1231 1974 1254 1999; x_wconf 87' lang='lat' dir='ltr'>a</span> <span class='ocrx_word' id='word_1_229' title='bbox 1274 1961 1449 1999; x_wconf 85' lang='lat' dir='ltr'><strong>‘festoon</strong></span> <span class='ocrx_word' id='word_1_230' title='bbox 1463 1961 1471 1975; x_wconf 96' lang='lat'>&#39;</span> <span class='ocrx_word' id='word_1_231' title='bbox 1494 1960 1626 2007; x_wconf 87' lang='lat' dir='ltr'><strong>‘fillet‚&#39;</strong></span> 
     </span>
     <span class='ocr_line' id='line_1_29' title="bbox 234 2027 1626 2079; baseline -0.002 -12"><span class='ocrx_word' id='word_1_232' title='bbox 234 2037 274 2067; x_wconf 89' lang='lat' dir='ltr'><strong>ut</strong></span> <span class='ocrx_word' id='word_1_233' title='bbox 299 2029 531 2079; x_wconf 87' lang='lat' dir='ltr'><strong>significetur</strong></span> <span class='ocrx_word' id='word_1_234' title='bbox 557 2028 615 2065; x_wconf 92' lang='lat' dir='ltr'><strong>uir</strong></span> <span class='ocrx_word' id='word_1_235' title='bbox 641 2039 728 2065; x_wconf 90' lang='lat' dir='ltr'><strong>cum</strong></span> <span class='ocrx_word' id='word_1_236' title='bbox 752 2039 897 2076; x_wconf 79' lang='lat' dir='ltr'><strong>pegma</strong></span> <span class='ocrx_word' id='word_1_237' title='bbox 919 2027 1092 2065; x_wconf 84' lang='lat' dir='ltr'><strong>aseendit</strong></span> <span class='ocrx_word' id='word_1_238' title='bbox 1121 2027 1171 2063; x_wconf 86' lang='lat' dir='ltr'><strong>ibi</strong></span> <span class='ocrx_word' id='word_1_239' title='bbox 1201 2027 1239 2064; x_wconf 93' lang='lat' dir='ltr'><strong>in</strong></span> <span class='ocrx_word' id='word_1_240' title='bbox 1267 2038 1419 2065; x_wconf 88' lang='lat' dir='ltr'><strong>summo</strong></span> <span class='ocrx_word' id='word_1_241' title='bbox 1445 2032 1626 2076; x_wconf 83' lang='lat' dir='ltr'><strong>pegmate</strong></span> 
     </span>
     <span class='ocr_line' id='line_1_30' title="bbox 234 2092 1626 2145; baseline -0.003 -13"><span class='ocrx_word' id='word_1_242' title='bbox 234 2095 411 2141; x_wconf 88' lang='lat' dir='ltr'><strong>torulum,</strong></span> <span class='ocrx_word' id='word_1_243' title='bbox 436 2093 536 2145; x_wconf 83' lang='lat' dir='ltr'><strong>(siue</strong></span> <span class='ocrx_word' id='word_1_244' title='bbox 559 2093 621 2130; x_wconf 89' lang='lat' dir='ltr'><strong>hic</strong></span> <span class='ocrx_word' id='word_1_245' title='bbox 649 2099 706 2131; x_wconf 85' lang='lat' dir='ltr'><strong>est</strong></span> <span class='ocrx_word' id='word_1_246' title='bbox 731 2093 1020 2130; x_wconf 82' lang='lat' dir='ltr'><strong>circumflexum</strong></span> <span class='ocrx_word' id='word_1_247' title='bbox 1041 2092 1226 2143; x_wconf 83' lang='lat' dir='ltr'><strong>quiddam</strong></span> <span class='ocrx_word' id='word_1_248' title='bbox 1253 2093 1368 2130; x_wconf 78' lang='lat' dir='ltr'><strong>uittae</strong></span> <span class='ocrx_word' id='word_1_249' title='bbox 1393 2092 1524 2137; x_wconf 88' lang='lat' dir='ltr'><strong>modo,</strong></span> <span class='ocrx_word' id='word_1_250' title='bbox 1546 2092 1626 2129; x_wconf 91' lang='lat' dir='ltr'><strong>siue</strong></span> 
     </span>
     <span class='ocr_line' id='line_1_31' title="bbox 233 2156 1627 2210; baseline -0.002 -12"><span class='ocrx_word' id='word_1_251' title='bbox 233 2168 291 2198; x_wconf 87' lang='lat' dir='ltr'><strong>est</strong></span> <span class='ocrx_word' id='word_1_252' title='bbox 318 2160 504 2210; x_wconf 85' lang='lat' dir='ltr'><strong>pilleolus,</strong></span> <span class='ocrx_word' id='word_1_253' title='bbox 530 2158 630 2196; x_wconf 75' lang='lat' dir='ltr'><strong>Rich</strong></span> <span class='ocrx_word' id='word_1_254' title='bbox 653 2157 881 2207; x_wconf 77' lang='lat' dir='ltr'><strong>Compam&#39;on</strong></span> <span class='ocrx_word' id='word_1_255' title='bbox 909 2162 943 2196; x_wconf 83' lang='lat' dir='ltr'><strong>to</strong></span> <span class='ocrx_word' id='word_1_256' title='bbox 965 2159 1084 2195; x_wconf 70' lang='lat' dir='ltr'><strong>Latin</strong></span> <span class='ocrx_word' id='word_1_257' title='bbox 1107 2157 1333 2206; x_wconf 78' lang='lat' dir='ltr'><strong>Dz&#39;clz&#39;onary</strong></span> <span class='ocrx_word' id='word_1_258' title='bbox 1356 2170 1392 2206; x_wconf 91' lang='lat' dir='ltr'><strong>p.</strong></span> <span class='ocrx_word' id='word_1_259' title='bbox 1422 2156 1516 2207; x_wconf 87' lang='lat'>678)</span> <span class='ocrx_word' id='word_1_260' title='bbox 1543 2169 1627 2195; x_wconf 88' lang='lat' dir='ltr'><strong>sus-</strong></span> 
     </span>
     <span class='ocr_line' id='line_1_32' title="bbox 233 2223 1623 2277; baseline -0.003 -13"><span class='ocrx_word' id='word_1_261' title='bbox 233 2227 413 2277; x_wconf 91' lang='lat' dir='ltr'><strong>pendere,</strong></span> <span class='ocrx_word' id='word_1_262' title='bbox 432 2237 509 2276; x_wconf 91' lang='lat' dir='ltr'><strong>quo</strong></span> <span class='ocrx_word' id='word_1_263' title='bbox 531 2237 570 2262; x_wconf 87' lang='lat' dir='ltr'><strong>se</strong></span> <span class='ocrx_word' id='word_1_264' title='bbox 591 2224 630 2261; x_wconf 89' lang='lat' dir='ltr'><strong>in</strong></span> <span class='ocrx_word' id='word_1_265' title='bbox 650 2236 844 2261; x_wconf 88' lang='lat' dir='ltr'><strong>summum</strong></span> <span class='ocrx_word' id='word_1_266' title='bbox 864 2224 1013 2261; x_wconf 86' lang='lat' dir='ltr'><strong>enisum</strong></span> <span class='ocrx_word' id='word_1_267' title='bbox 1039 2230 1076 2262; x_wconf 87' lang='lat' dir='ltr'><strong>et</strong></span> <span class='ocrx_word' id='word_1_268' title='bbox 1099 2224 1286 2275; x_wconf 88' lang='lat' dir='ltr'><strong>propositi</strong></span> <span class='ocrx_word' id='word_1_269' title='bbox 1306 2223 1382 2260; x_wconf 87' lang='lat' dir='ltr'><strong>iam</strong></span> <span class='ocrx_word' id='word_1_270' title='bbox 1403 2230 1623 2272; x_wconf 90' lang='lat' dir='ltr'><strong>compotem</strong></span> 
     </span>
     <span class='ocr_line' id='line_1_33' title="bbox 231 2291 535 2331; baseline -0.016 1"><span class='ocrx_word' id='word_1_271' title='bbox 231 2306 314 2331; x_wconf 89' lang='lat' dir='ltr'><strong>esse</strong></span> <span class='ocrx_word' id='word_1_272' title='bbox 335 2291 535 2331; x_wconf 82' lang='lat' dir='ltr'><strong>ostendat:</strong></span> 
     </span>
    </p>

    <p class='ocr_par' dir='ltr' id='par_1_10' title="bbox 390 2353 1282 2405">
     <span class='ocr_line' id='line_1_34' title="bbox 390 2353 1282 2405; baseline -0.002 -12"><span class='ocrx_word' id='word_1_273' title='bbox 390 2356 510 2394; x_wconf 85' lang='lat' dir='ltr'><strong>-Certa</strong></span> <span class='ocrx_word' id='word_1_274' title='bbox 536 2367 606 2405; x_wconf 87' lang='lat' dir='ltr'><strong>per</strong></span> <span class='ocrx_word' id='word_1_275' title='bbox 634 2360 809 2393; x_wconf 71' lang='lat' dir='ltr'><strong>extentos</strong></span> <span class='ocrx_word' id='word_1_276' title='bbox 837 2361 954 2404; x_wconf 87' lang='lat' dir='ltr'><strong>ponet</strong></span> <span class='ocrx_word' id='word_1_277' title='bbox 983 2355 1143 2404; x_wconf 87' lang='lat' dir='ltr'><strong>uestigia</strong></span> <span class='ocrx_word' id='word_1_278' title='bbox 1170 2353 1282 2391; x_wconf 87' lang='lat' dir='ltr'><strong>funes</strong></span> 
     </span>
    </p>

    <p class='ocr_par' dir='ltr' id='par_1_11' title="bbox 394 2419 1247 2470">
     <span class='ocr_line' id='line_1_35' title="bbox 394 2419 1247 2470; baseline -0.002 -11"><span class='ocrx_word' id='word_1_279' title='bbox 394 2422 444 2459; x_wconf 82' lang='lat' dir='ltr'><strong>Et</strong></span> <span class='ocrx_word' id='word_1_280' title='bbox 473 2421 566 2459; x_wconf 86' lang='lat' dir='ltr'><strong>caeli</strong></span> <span class='ocrx_word' id='word_1_281' title='bbox 596 2420 800 2458; x_wconf 85' lang='lat' dir='ltr'><strong>meditatus</strong></span> <span class='ocrx_word' id='word_1_282' title='bbox 830 2421 898 2458; x_wconf 89' lang='lat' dir='ltr'><strong>iter</strong></span> <span class='ocrx_word' id='word_1_283' title='bbox 927 2421 1087 2470; x_wconf 83' lang='lat' dir='ltr'><strong>uestigia</strong></span> <span class='ocrx_word' id='word_1_284' title='bbox 1116 2419 1247 2470; x_wconf 80' lang='lat' dir='ltr'><strong>perdet</strong></span> 
     </span>
    </p>

    <p class='ocr_par' dir='ltr' id='par_1_12' title="bbox 224 2483 1622 2599">
     <span class='ocr_line' id='line_1_36' title="bbox 392 2483 1500 2537; baseline -0.005 -12"><span class='ocrx_word' id='word_1_285' title='bbox 392 2488 441 2525; x_wconf 81' lang='lat' dir='ltr'><strong>Et</strong></span> <span class='ocrx_word' id='word_1_286' title='bbox 469 2498 610 2537; x_wconf 86' lang='lat' dir='ltr'><strong>pegma</strong></span> <span class='ocrx_word' id='word_1_287' title='bbox 637 2486 846 2524; x_wconf 84' lang='lat' dir='ltr'><strong>escendens</strong></span> <span class='ocrx_word' id='word_1_288' title='bbox 875 2486 1061 2536; x_wconf 87' lang='lat' dir='ltr'><strong>populum</strong></span> <span class='ocrx_word' id='word_1_289' title='bbox 1091 2485 1298 2534; x_wconf 85' lang='lat' dir='ltr'><strong>suspendet</strong></span> <span class='ocrx_word' id='word_1_290' title='bbox 1327 2484 1375 2521; x_wconf 80' lang='lat' dir='ltr'><strong>ab</strong></span> <span class='ocrx_word' id='word_1_291' title='bbox 1404 2483 1500 2533; x_wconf 92' lang='lat' dir='ltr'><strong>ipso.</strong></span> 
     </span>
     <span class='ocr_line' id='line_1_37' title="bbox 224 2549 1622 2599; baseline -0.004 -7"><span class='ocrx_word' id='word_1_292' title='bbox 224 2553 414 2592; x_wconf 69' lang='lat' dir='ltr'><strong>Notanda</strong></span> <span class='ocrx_word' id='word_1_293' title='bbox 435 2553 473 2590; x_wconf 90' lang='lat' dir='ltr'><strong>in</strong></span> <span class='ocrx_word' id='word_1_294' title='bbox 498 2552 556 2589; x_wconf 88' lang='lat' dir='ltr'><strong>his</strong></span> <span class='ocrx_word' id='word_1_295' title='bbox 581 2559 636 2599; x_wconf 79' lang='lat' dir='ltr'><strong>est</strong></span> <span class='ocrx_word' id='word_1_296' title='bbox 662 2552 809 2589; x_wconf 77' lang='lat' dir='ltr'><strong>iteratio</strong></span> <span class='ocrx_word' id='word_1_297' title='bbox 836 2552 1237 2599; x_wconf 55' lang='lat' dir='ltr'><strong>uesllgv&#39;a—ueleng&#39;aJ</strong></span> <span class='ocrx_word' id='word_1_298' title='bbox 1269 2549 1384 2588; x_wconf 90' lang='lat' dir='ltr'><strong>credo</strong></span> <span class='ocrx_word' id='word_1_299' title='bbox 1411 2556 1540 2587; x_wconf 85' lang='lat' dir='ltr'><strong>tamen</strong></span> <span class='ocrx_word' id='word_1_300' title='bbox 1568 2549 1622 2586; x_wconf 85' lang='lat' dir='ltr'><strong>sie</strong></span> 
     </span>
    </p>
   </div>
  </div>
 </body>
</html>
