1786 2878
798 141 843 171 Π
1463 141 1517 186 57

175 244 229 282 ΙΙ.
251 247 437 294 661—663
457 245 663 283 sicvextant
684 245 723 282 in
745 244 898 283 Gembl.

825 310 904 348 duo
932 322 1088 348 cernere
1117 311 1241 361 pisces

282 375 333 413 Et
361 375 538 426 geminos
561 376 718 413 iuuenes
748 375 1021 426 dupliCemque
1050 377 1090 414 in
1119 377 1266 426 uirgine
1296 376 1462 415 formam

1135 441 1188 472 uel
1203 445 1327 472 textum

281 484 333 523 Et
362 485 441 523 duo
470 485 642 523 centauri
672 485 759 522 licet
787 497 866 523 uno
897 485 935 522 in
966 498 1127 534 corpore
1157 487 1332 522 mixtum.

173 564 249 611 663
272 563 312 599 in
332 575 400 599 om.
412 563 583 611 plerique
598 570 744 599 textum
767 561 855 600 Cus.
880 562 1146 599 I‘'ossz}1712'uno
1168 575 1331 612 corpore
1353 563 1442 600 texti
1463 565 1515 601 ed.

117 626 228 664 Rom.
264 638 366 676 1510
405 640 484 665 uno
523 640 686 677 corpore
726 635 850 665 textos
885 627 1057 677 Scaliger
1090 640 1168 665 uno
1208 640 1373 677 corpora
1411 636 1516 666 textu

116 692 306 730 Bentlez'us
353 705 432 730 uno
453 693 492 730 in
513 705 674 742 corpore
695 699 818 730 textus
839 706 911 742 ege.

173 758 460 808 Simplicissime
491 758 582 795 mihi
612 759 745 796 uideor
776 771 811 795 u.
837 760 912 807 663
942 759 1162 796 refinxisse:
1197 772 1289 796 narn
1316 759 1346 796 si
1369 760 1514 797 scribas

115 836 187 860 uno
210 825 250 860 in
273 831 421 873 corpore
443 828 578 868 textus,
602 832 764 873 excepta
785 824 908 860 littera
930 836 1005 872 qua
1025 836 1159 861 uersus
1179 825 1366 861 clauditur
1383 825 1515 862 omnia

115 896 316 926 seruantur
343 895 386 926 ut
415 889 455 926 in
484 888 635 926 Gembl.
666 889 853 937 leguntur.
905 889 981 926 Sed
1011 890 1144 927 nescio
1174 902 1223 926 an
1254 902 1333 926 non
1369 892 1514 927 mattas

115 953 298 992 Manilius
336 955 554 1003 praetulerit
592 963 632 991 ut
664 956 783 991 rarius
818 955 937 992 altero
969 955 1032 992 illo
1064 955 1169 1005 quod
1209 956 1512 1004 suprascriptum

114 1018 229 1057 habet
249 1018 404 1057 Gembl.

169 1084 220 1122 ΙΙ.
242 1087 427 1134 665-667

276 1150 380 1188 Nam
410 1163 534 1201 neque
565 1151 719 1188 Taurus
749 1151 865 1189 habet
894 1152 1075 1189 comitem
1107 1164 1177 1189 nec
1207 1152 1376 1201 pingitur
1406 1152 1470 1189 ulli

276 1216 506 1254 Horrendus
537 1216 619 1254 Leo
650 1230 721 1255 nec
751 1217 884 1254 metuit
914 1218 994 1254 sine
1025 1229 1188 1266 corpore
1218 1230 1455 1267 quemquam

278 1281 460 1331 Scorpius
489 1291 604 1332 atque
634 1295 713 1320 uno
743 1290 922 1320 censetur
950 1284 1142 1332 Aquarius
1173 1291 1273 1320 astro

156 1358 337 1408 pingitur
351 1359 506 1397 codices
526 1366 676 1408 praeter
697 1359 850 1397 Gembl.
867 1360 1039 1408 t'ungz'lur
1055 1358 1208 1397 Gembl.
1239 1359 1330 1398 Hoc
1351 1360 1512 1398 restituit

112 1423 292 1474 Scaliger.
317 1425 437 1474 Atqui
453 1426 632 1474 pingilur
660 1437 750 1462 uere
780 1432 906 1473 potest
931 1425 1040 1471 tradi,
1063 1438 1154 1462 nam
1175 1425 1369 1463 coloribus
1400 1426 1512 1474 signa

113 1489 271 1527 Zodiaci
290 1491 532 1536 notabantur,
554 1496 595 1526 ut
614 1497 670 1527 est
689 1490 820 1527 uidere
848 1490 885 1527 in
907 1490 1040 1528 codice
1060 1490 1289 1528 Arateorum
1311 1490 1510 1528 Ciceronis

111 1554 221 1592 Harl.
244 1556 333 1603 647.
392 1555 540 1605 Itaque,
561 1555 592 1593 si
615 1555 757 1605 duplex
788 1556 942 1605 signum
970 1555 1049 1601 fuit,
1074 1563 1233 1605 utraque
1263 1563 1391 1594 autem
1421 1569 1509 1605 pars

110 1620 284 1658 colorem
308 1632 421 1657 suum
447 1621 590 1667 habuit,
614 1620 686 1658 hae
717 1621 815 1658 inter
840 1633 880 1658 se
910 1622 964 1658 sic
995 1622 1237 1668 coniunctae,
1259 1621 1376 1659 altera
1403 1622 1509 1658 alteri

110 1685 280 1735 adpingi,
296 1686 388 1732 siue,
406 1693 446 1723 ut
465 1686 527 1724 hic
547 1694 615 1731 est,
632 1687 739 1735 pingi
760 1686 994 1724 dicebantur.
1024 1687 1189 1724 Datiuus
1205 1688 1279 1724 ulli
1290 1700 1337 1724 ex
1353 1687 1510 1725 notione

108 1751 259 1788 comitis
287 1751 402 1789 habet
428 1751 737 1801 explicationem.
807 1751 1040 1801 Sequentem
1070 1765 1105 1789 u.
1138 1752 1345 1790 Doruillius
1380 1753 1509 1790 certis-

109 1817 207 1853 sima
240 1817 459 1855 coniectura
492 1818 656 1855 correxit
690 1817 831 1866 scripto
865 1819 944 1854 sine
975 1825 1153 1867 conpare:
1198 1818 1300 1855 idem
1333 1830 1438 1855 error
1471 1818 1509 1854 in

109 1880 261 1919 Lucret.
282 1882 327 1920 iv.
349 1883 424 1931 897
451 1881 622 1931 Conpare
647 1887 689 1919 ut
714 1883 784 1919 lzac
813 1885 923 1919 nauis
946 1885 1036 1919 uelis
1065 1888 1234 1932 uentoque
1239 1884 1414 1933 serasar,
1443 1884 1508 1920 ubi

107 1946 260 1985 codices
289 1947 382 1985 dant
412 1946 592 1996 Corporis
622 1952 664 1984 ut
688 1960 732 1984 ac
761 1949 881 1986 nauis.
941 1948 1081 1985 Fuerat
1113 1948 1283 1998 Conpor(
1312 1953 1354 1986 ul
1381 1947 1510 1999 (lz)ac.·

106 2025 125 2061 s
144 2012 234 2062 quia
253 2013 530 2062 compendium
550 2020 630 2051 erat
650 2025 720 2062 pro
742 2014 785 2058 z's,
806 2013 896 2050 hinc
917 2021 1044 2051 ortum
1068 2013 1260 2063 Corporis.

163 2077 214 2114 ΙΙ.
237 2078 314 2126 699
336 2090 420 2128 sqq.
441 2078 496 2116 sic
515 2084 648 2116 extant
667 2079 706 2115 in
728 2077 881 2115 Gembl.

812 2143 872 2180 his
900 2143 1041 2181 finibus
1070 2156 1153 2181 esse

269 2207 668 2246 Duodecatemorium
698 2215 878 2246 constant
906 2209 965 2246 bis
995 2221 1165 2259 senaque
1194 2217 1332 2247 cuncta

271 2273 464 2312 Omnibus
493 2274 532 2310 in
562 2275 690 2324 signis.

161 2348 527 2387 Dodecatemorium
558 2349 731 2398 Scaliger
752 2356 931 2387 constant
959 2351 1093 2387 codices
1121 2357 1273 2389 constat
1292 2352 1504 2388 Bom'ncon-

106 2415 205 2451 lrz'us
237 2421 377 2452 cuncta
396 2416 532 2453 codices
578 2429 628 2452 an
648 2416 814 2464 puncta?

162 2479 245 2516 Iam
271 2480 436 2518 Huetius
459 2481 507 2518 ad
532 2480 580 2517 V.
605 2490 678 2528 707
701 2480 765 2517 ubi
791 2480 837 2517 de
868 2480 1072 2530 elephanto
1098 2494 1224 2519 sermo
1248 2487 1305 2518 est
1330 2481 1506 2530 Turpiter

107 2545 146 2580 z'n
179 2549 277 2582 lanto
315 2546 484 2583 cedenlem
515 2547 676 2595 pondere
702 2548 842 2583 cunctis
876 2547 913 2584 in
932 2549 1083 2595 punctis
1110 2547 1336 2584 immutauit.
1395 2547 1504 2585 Idem
