1786 2878
757 134 815 164 [ι’
1416 135 1494 178 125

268 239 357 288 Ipse
386 239 471 284 tuis,
503 238 670 285 quenis,
703 240 925 288 geminique
955 252 1021 288 per
1051 252 1216 290 aequora
1249 240 1386 278 Pisces.

269 304 393 342 Mixta
422 305 488 342 sed
516 305 555 341 in
583 304 701 354 pluris
731 305 924 342 sociantur
954 306 1077 343 sidera
1104 307 1215 344 uires.

158 369 227 407 IV.
249 382 294 416 41
309 382 323 406 1
348 383 432 421 sqq.
1013 416 1016 419 Ι

268 434 344 472 Sed
373 435 547 484 proprias
576 442 702 484 partes
732 435 835 485 ipsas
864 442 1036 485 spectare
1066 444 1275 484 memento,

266 499 340 537 Vel
369 501 489 550 glacie
518 501 669 549 rigidas,
698 501 759 538 uel
788 513 883 550 quas
911 508 1108 539 exusserat
1138 503 1248 551 ignis,

276 568 328 605 Et
358 566 492 603 sterilis
521 573 683 615 utroque
713 569 868 605 †tamen
897 578 992 616 quas
1021 567 1161 616 largior
1190 568 1330 606 humor

269 632 435 681 Quaque
464 632 679 669 minoribus
707 632 800 671 ouit.

161 711 237 747 413
259 705 388 735 tamen
409 709 506 747 quas
522 696 610 734 Cus.
629 695 742 734 Voss.2
758 698 777 734 b
791 711 820 734 0.
852 710 928 744 414
951 698 1163 736 minoribus
1180 700 1259 737 ouit
1278 698 1389 737 Voss.¹
1407 699 1496 737 Cus.

105 765 203 802 etsie
215 763 423 812 Lipsiensis
442 766 523 799 teste
535 761 666 799 Iacobo
686 763 898 800 minoribus
919 764 1033 801 obito
1050 764 1176 802 minor
1196 765 1247 801 ibi
1264 766 1361 803 tonit
1384 763 1499 802 Voss.2

105 830 156 866 In
177 828 214 867 G
223 833 311 878 post
330 828 497 877 Quaque
515 829 673 876 spalz'um
685 829 829 878 suerat
844 833 969 877 septem
991 830 1050 866 uel
1066 834 1139 867 octo
1159 831 1382 876 litterarum,
1403 832 1501 879 quod

107 895 281 932 recentior
296 906 428 931 manus
441 893 495 930 sic
507 894 690 942 suppleuit
700 894 776 931 iam
794 906 907 931 sucus
924 895 1012 932 obit.
1044 894 1146 932 Idem
1162 897 1201 932 in
1214 897 1265 934 ed.
1273 895 1383 935 Rom.
1397 907 1498 945 1510

107 961 259 1009 repperi.

161 1026 286 1075 Prope
307 1023 356 1061 ad
375 1036 509 1061 uerum
530 1023 681 1062 uidetur
702 1024 865 1062 iacobus
887 1026 1095 1063 accessisse
1117 1027 1318 1064 scribendo

269 1090 319 1127 Et
349 1090 483 1127 sterilis
511 1097 684 1139 utroque,
715 1098 834 1128 tumet
864 1104 941 1140 qua
970 1091 1110 1141 largior
1138 1092 1278 1130 humor

269 1154 436 1204 Quaque
465 1155 594 1191 minor
622 1156 725 1193 riuos
755 1162 871 1194 torret

108 1221 179 1258 nisi
209 1221 314 1270 quod
343 1225 458 1257 torret
484 1221 548 1257 uix
579 1222 770 1259 conuenit.
830 1221 975 1260 Nescio
1004 1235 1054 1259 an
1085 1223 1275 1272 scripserit
1304 1230 1419 1273 poeta

269 1286 319 1323 Et
347 1286 482 1323 sterilis
511 1293 686 1336 utroque,
716 1292 837 1324 manet
863 1300 939 1337 qua
969 1288 1110 1336 largior
1139 1288 1277 1326 humor

272 1351 438 1401 Quaque
468 1352 595 1388 minor
624 1352 725 1389 riuus
754 1354 887 1389 currit.

109 1417 223 1455 Certe
258 1429 337 1454 non
376 1416 474 1454 male
506 1417 558 1454 sic
593 1418 691 1455 inter
722 1429 762 1454 se
796 1424 1046 1467 opponuntur
1082 1425 1218 1467 stagna
1257 1419 1430 1469 largioris
1464 1427 1500 1457 et

109 1483 241 1519 stantis
277 1494 411 1531 aquae,
444 1482 513 1518 riui
546 1482 664 1520 alueis
703 1482 770 1519 sed
808 1484 950 1532 exiguo
989 1483 1147 1521 flumine
1190 1492 1392 1524 currentes.
1451 1486 1501 1523 Et

108 1549 231 1584 currit
248 1547 403 1596 quidem
432 1548 471 1584 in
492 1549 574 1584 urit
599 1548 853 1596 deprauatum
879 1555 982 1586 extat
1008 1560 1044 1585 u.
1075 1562 1175 1596 424:
1217 1562 1319 1587 nunc
1350 1551 1387 1588 in
1415 1553 1500 1597 cuit,

110 1620 195 1662 post
216 1612 253 1648 in
274 1614 352 1649 ouz'l
373 1613 610 1650 demutatum
630 1620 698 1651 est.

164 1677 233 1715 IV.
255 1680 332 1725 416
354 1690 437 1728 sqq.
460 1679 514 1716 sie
536 1686 623 1715 sunt
643 1679 682 1715 in
704 1678 857 1716 Gembl.

273 1743 343 1780 Est
374 1743 531 1793 aequale
561 1743 652 1781 nihil
683 1751 852 1781 terrenos
881 1745 1010 1794 aspice
1040 1752 1181 1783 tractus

271 1808 322 1845 Et
352 1809 467 1846 maris
496 1817 534 1846 et
562 1809 677 1858 partis
707 1809 888 1858 fulgentia
918 1810 1076 1848 flumina
1105 1812 1196 1860 ripis

273 1873 430 1911 Crimen
459 1874 600 1924 ubique
630 1874 808 1924 frequens
837 1884 873 1912 et
902 1875 1004 1912 laudi
1033 1877 1150 1913 noxia
1179 1877 1306 1914 iuncta
1335 1884 1392 1915 est

167 1952 244 1987 419
276 1939 338 1977 Sic
367 1940 502 1977 sterilis
532 1940 638 1977 terris
668 1940 775 1978 laetis
804 1941 1006 1978 interuenit
1035 1942 1135 1979 aruis

272 2005 332 2042 Ac
361 2005 486 2043 subito
514 2006 655 2054 rumpit
685 2017 806 2054 paruo
838 2006 1057 2044 discrimine
1086 2007 1207 2045 faetus

273 2070 324 2107 Et
352 2070 472 2108 modo
503 2077 636 2120 portus
665 2080 745 2108 erat
774 2071 901 2120 pelagi
930 2073 1006 2109 iam
1036 2072 1135 2109 sacta
1164 2073 1328 2111 caribdis

275 2135 512 2185 Laud-atique
543 2136 642 2173 cadit
671 2143 758 2184 post
786 2137 941 2185 paulum
971 2138 1093 2185 gratia
1121 2137 1260 2176 christi.

169 2210 243 2249 417
276 2208 403 2250 partes
452 2200 562 2239 Voss}
620 2201 721 2238 notis
761 2214 780 2237 ο
813 2202 944 2250 pronis
978 2202 1167 2239 Bentlel'us
1200 2204 1318 2252 ruptis
1347 2202 1503 2240 Iacobus

112 2266 296 2314 fulgentia
318 2265 430 2303 Voss.1
455 2266 543 2304 Cus.
563 2266 758 2315 fulgientia
778 2279 796 2302 0
816 2266 1000 2315 fugientia
1026 2266 1140 2304 Voss.2
1156 2269 1245 2305 riuis
1261 2268 1384 2305 Benll.
1426 2281 1502 2316 419

112 2338 232 2369 torres
259 2331 455 2380 Hauplz'zts
481 2336 514 2368 el
535 2336 619 2368 ante
647 2344 725 2368 eum
756 2330 951 2369 Brez'lerus
980 2333 1022 2369 de
1050 2334 1183 2370 emend.
1209 2332 1350 2370 fllanz'l.
1378 2345 1414 2381 p.
1445 2342 1504 2379 15.

116 2408 194 2442 420
223 2396 319 2434 fetus
339 2398 439 2434 codd.
458 2397 592 2434 foedus
613 2396 779 2434 Iacobus.
837 2409 910 2442 421
947 2401 956 2416 ‘
971 2406 1104 2446 portus
1125 2411 1175 2435 ex
1194 2405 1324 2447 partus
1329 2399 1430 2447 feci!
1438 2405 1505 2446 pr.

115 2458 172 2497 ms
197 2460 250 2511 (ln
275 2461 429 2511 Gembl.)
458 2462 687 2499 Thomasz'us.
740 2474 778 2497 m
799 2469 907 2498 uasta
938 2462 1051 2500 Voss.2
1102 2475 1176 2509 422
1202 2462 1340 2499 Christi
1366 2461 1504 2500 Gcmbl.

115 2527 213 2563 solus
234 2528 437 2576 ponticell.
494 2527 599 2564 Fors.
623 2528 719 2577 xysti
743 2526 877 2578 (systi).
