1786 2878
239 135 320 167 122
657 132 853 165 NOCTES
879 132 1211 164 MANJLIANAE

292 238 484 288 Magnum
514 239 576 277 hic
606 238 752 277 lucrum
783 251 830 276 ex
861 238 1029 285 Cusano,
1055 239 1092 276 in
1124 251 1202 289 quo
1230 243 1314 288 aget
1340 238 1480 276 inueni.
1538 238 1627 277 Hoc

235 305 340 344 enim
363 317 410 342 ex
430 309 514 354 egel,
535 304 659 355 ipsum
681 304 801 342 serius
820 305 858 341 in
878 306 961 353 agit
977 310 1202 354 corruptum
1221 303 1337 342 fuisse
1357 304 1545 342 existimo.

290 369 358 408 IV.
382 372 456 417 246
478 382 562 420 sqq.

875 435 1033 473 scrutari
1062 447 1177 472 caeca
1206 434 1360 472 metalla

400 500 610 550 Depositas
638 507 675 538 et
703 511 798 549 opes
826 506 1044 549 terramque
1072 512 1231 538 exurere
1260 501 1369 538 uenis

401 565 687 615 Materiamque
717 577 834 602 manu
863 573 966 603 certa
995 565 1178 614 duplicari
1208 572 1244 602 et
1273 572 1367 604 arte.

297 633 372 678 248
413 631 636 680 duplicariet
672 629 760 668 Cus.
795 630 1019 679 duplicarier
1053 631 1107 667 bo
1140 635 1173 667 el
1203 632 1257 667 sic
1291 630 1454 668 Huelius
1491 642 1630 668 manus

239 705 385 734 certam
424 696 619 746 duplicare
658 708 727 745 per
760 703 881 732 artem
915 695 1172 732 fllarklandus
1211 696 1404 745 duplicare
1444 704 1632 746 repertam

240 762 436 811 Ilauplz'us
465 762 658 811 duplicare
687 761 828 799 metalli
848 761 942 798 Luc.
963 759 1130 798 Mueller
1158 762 1198 798 de
1226 775 1258 798 r.
1280 775 1325 799 m.
1337 769 1378 811 p.
1405 764 1481 811 398
1512 761 1631 811 dupli-

240 828 344 865 cabis
365 835 401 865 et
421 834 499 865 arte
520 827 724 864 Brez'lerus.

295 894 488 942 duplicari
502 898 535 929 el
555 893 719 930 Huetius
741 891 899 929 credidit
919 900 1142 942 corruptum
1163 905 1209 930 ex
1234 893 1473 942 duplz'carz'er,
1495 899 1532 930 et
1553 893 1633 929 uim

242 959 406 997 actiuam
436 958 601 1004 habere;
646 957 751 1007 quod
781 969 873 995 sane
903 958 1176 995 commendant
1207 957 1385 995 Cusanus
1415 965 1452 995 et
1482 957 1633 1007 palaeo-

240 1023 411 1074 graphia.
465 1023 541 1061 Sed
575 1035 647 1061 nec
678 1023 869 1072 duplicari
895 1022 1121 1072 deponentis
1151 1035 1266 1060 sensu
1297 1029 1521 1072 usurpatum
1552 1034 1635 1059 esse

242 1090 410 1127 Huetius
439 1089 618 1134 ostendit,
640 1101 712 1126 nec
738 1088 848 1126 facile
875 1089 960 1137 quis
981 1089 1181 1137 peruicerit
1202 1088 1370 1126 mediam
1391 1088 1570 1138 aliquam,
1593 1095 1634 1124 ut

242 1154 595 1193 Grammaticorum
612 1166 789 1192 sermone
803 1159 898 1199 utar,
914 1154 1229 1202 significationem
1245 1154 1400 1191 subesse
1416 1153 1609 1190 uocabulo
1625 1166 1633 1190 :

241 1221 370 1270 itaque
391 1220 581 1269 duplicare
599 1220 654 1257 bis
674 1219 900 1268 scripserim,
921 1219 1071 1256 uidetur
1091 1219 1195 1256 enim
1215 1219 1320 1268 loqui
1340 1226 1453 1268 poeta
1473 1219 1520 1256 de
1541 1230 1635 1256 auro

242 1285 542 1335 multiplicando,
564 1291 601 1322 et
622 1284 777 1334 quidem
797 1284 836 1320 in
861 1284 1130 1334 quadruplum.
1188 1284 1315 1321 Potuit
1341 1296 1447 1322 error
1473 1284 1561 1322 oriri
1587 1295 1635 1321 ex

244 1350 478 1400 compendio
498 1363 518 1387 z
538 1349 642 1400 quod
662 1349 780 1387 modo
801 1354 843 1395 et,
865 1350 985 1387 modo
1007 1350 1062 1387 bis
1083 1349 1280 1399 significat.

295 1415 366 1455 IV.
389 1417 478 1464 263,
499 1417 574 1462 264
595 1415 648 1453 sic
669 1421 758 1453 sunt
777 1414 816 1451 in
837 1414 988 1452 Gembl.

406 1479 692 1530 Littoribusque
722 1480 834 1518 nouis
862 1492 931 1529 per
960 1480 1093 1517 luxum
1122 1479 1278 1518 illudere
1306 1487 1438 1530 ponto,

405 1546 456 1584 Et
483 1547 610 1584 uarios
640 1546 825 1584 fabricare
854 1545 960 1583 lacus
989 1552 1026 1583 et
1054 1545 1214 1583 flumina
1242 1545 1340 1592 ficta,

406 1611 457 1649 Et
485 1612 773 1661 peregrinantes
803 1611 983 1648 domibus
1015 1611 1249 1660 suspendere
1280 1611 1395 1648 riuos.

245 1676 389 1716 Omnia
422 1676 484 1714 hic
519 1677 721 1714 artificiosa
755 1676 868 1714 dicit:
911 1688 992 1713 non
1026 1676 1137 1725 igitur
1165 1677 1294 1713 uarios
1324 1675 1504 1713 fabricare
1533 1675 1638 1713 lacus

244 1742 487 1781 scribendum
508 1749 600 1788 erat,
622 1742 690 1779 sed
710 1754 827 1778 uanos
847 1741 927 1778 siue
948 1748 1026 1779 arte
1048 1741 1180 1787 factos,
1202 1753 1281 1779 non
1302 1740 1504 1778 naturales.

299 1808 368 1845 IV.
393 1817 469 1856 270
491 1808 543 1845 sic
563 1807 722 1844 traditus
743 1812 800 1844 est
821 1807 860 1843 in
881 1806 1036 1844 Gembl.

409 1872 506 1910 Mite
534 1884 658 1922 genus
687 1872 896 1920 dulcesque
926 1871 1047 1909 fluunt
1076 1872 1124 1909 ad
1153 1871 1286 1922 sydera
1316 1879 1458 1921 partus

246 1938 412 1977 Codices
449 1950 586 1976 omnes
624 1938 678 1974 ad
712 1938 843 1974 sidera.
913 1936 1004 1975 Hoc
1043 1938 1095 1975 sic
1135 1938 1381 1986 interpretor:
1429 1943 1534 1974 ortos
1569 1936 1640 1973 sub

247 2004 418 2054 Aquario
440 2011 573 2041 natura
593 2003 706 2040 mites
732 2014 827 2048 esse,
849 2010 886 2040 et
913 2015 1101 2052 aquarum
1129 2003 1257 2048 instar,
1275 2015 1375 2052 quae
1405 2002 1570 2039 siderum
1601 2002 1639 2038 in

247 2070 456 2119 imaginem
477 2081 524 2106 ex
545 2080 640 2105 urna
660 2069 740 2105 eius
760 2067 963 2117 profluant,
985 2068 1069 2106 lene
1097 2068 1283 2118 quiddam
1310 2076 1348 2105 et
1374 2068 1575 2105 remissum
1603 2072 1642 2103 et

248 2136 355 2186 quasi
375 2135 561 2184 liquidum
583 2135 621 2171 in
642 2135 812 2171 moribus
836 2135 913 2171 suis
933 2133 1133 2183 praeferre.

303 2197 372 2236 IV.
396 2199 579 2243 282-284
602 2197 654 2234 sic
675 2203 805 2234 extant
826 2197 865 2233 in
886 2197 1040 2234 Gembl.

411 2263 571 2312 Iamque
601 2262 675 2300 huc
705 2270 817 2311 atque
848 2263 934 2299 illuc
964 2262 1103 2311 aligem
1133 2268 1357 2300 conuertere
1387 2260 1539 2298 clauum

411 2329 461 2367 Et
489 2329 634 2366 frenare
664 2335 782 2365 ratem
813 2328 1028 2377 fluctusque
1058 2328 1254 2365 effundere
1285 2335 1408 2364 rectos

413 2395 490 2432 Aut
520 2395 634 2432 remis
663 2406 776 2443 agere
807 2400 844 2430 et
874 2393 995 2431 lentas
1026 2393 1219 2430 inflectere
1250 2400 1391 2430 tonsas.

309 2462 380 2498 282
413 2460 615 2509 caliginem
647 2459 736 2496 Cus.
761 2459 922 2507 caligine
955 2459 1067 2496 l'ossst'
1087 2459 1107 2495 l)
1123 2474 1142 2495 υ
1167 2458 1304 2507 agilem
1326 2456 1506 2505 Scalzgcr.
1567 2458 1640 2504 283

252 2525 431 2564 cffindere
453 2526 472 2563 h
486 2539 504 2563 0
524 2538 610 2563 num
633 2524 854 2563 offendere?
