1786 2878
255 137 338 180 192
667 133 862 165 NOCTES
890 132 1217 165 MANJLJANAE

310 239 357 276 V.
380 240 566 288 437—438
588 239 642 277 sic
663 246 793 276 extant
814 239 851 276 in
873 238 1026 277 Gembl.

418 305 512 342 Pars
540 316 587 342 ex
617 304 769 342 diuerso
798 304 925 342 studet
953 312 990 342 et
1019 305 1186 342 sociatur
1214 311 1405 353 utrunque

416 369 588 419 Ingenus
616 377 732 419 atque
762 382 840 408 uno
864 369 1054 419 digestum
1084 370 1230 407 semine
1259 370 1387 418 surgit.

312 446 386 485 437
414 435 539 473 studet
565 442 601 472 et
624 434 713 473 Cus.
745 434 853 472 Voss.¹
883 435 934 472 bo
961 435 1129 473 studium
1155 448 1221 471 om.
1243 442 1279 472 et
1310 433 1421 471 Voss.²
1480 437 1554 481 438
1582 434 1646 470 In-

255 514 377 551 genus
409 501 497 539 Cus.
533 501 705 537 Vossianz'
728 501 748 537 b
778 501 934 550 Ingenis
962 514 981 538 ο
1010 502 1088 538 imo
1128 500 1239 538 Voss}
1268 512 1368 550 aque
1399 499 1588 537 Bentlet'us
1616 502 1651 536 et

255 567 516 604 Marklandus
535 567 588 602 ad
604 565 699 604 Stal.
722 565 762 603 S.
776 573 818 615 p.
838 569 912 604 216
933 567 986 604 ed.
1009 566 1135 616 Sz'llzg.

311 634 466 684 Optime
488 633 754 679 Marklandus,

393 699 490 736 ‘Par
519 711 566 736 ex
595 698 749 737 diuerso
779 698 957 744 studium,
987 707 1024 736 et
1055 699 1223 737 sociatur
1251 705 1456 747 utrumque

418 764 465 802 In
493 776 626 814 genus,
658 776 756 814 aque
785 776 865 803 uno
894 765 1083 814 digestum
1113 765 1258 802 semine
1288 764 1409 813 surgit

255 834 305 870 ita
325 830 532 880 legendum
551 828 669 879 puto.'

310 896 358 933 V.
381 906 470 944 445,
495 897 572 942 446
594 895 648 933 sic
669 902 800 932 extant
819 895 858 932 in
879 895 1032 933 Gembl.

419 961 734 1010 Delphinumque
764 973 856 998 suos
885 973 953 1010 per
982 962 1096 999 inane
1126 961 1295 998 natantia
1324 967 1454 997 motus

417 1026 468 1064 Et
497 1026 654 1064 uiduata
682 1027 813 1064 uolant
841 1027 978 1076 pennis
1007 1034 1043 1064 et
1073 1027 1111 1063 in
1140 1039 1226 1064 aere
1256 1026 1401 1063 ludunt.

312 1114 389 1152 445
417 1104 590 1141 natantia
620 1102 731 1140 Voss}
756 1103 789 1141 C
791 1117 844 1140 us.
866 1104 885 1140 b
901 1117 919 1139 ο
943 1111 1099 1141 natanta
1129 1102 1242 1139 Voss.2
1263 1102 1448 1140 imitantia
1476 1100 1650 1151 Scalzgrer

257 1170 430 1208 notantia
448 1182 522 1219 ego.
582 1171 658 1216 446
681 1169 808 1219 pinnis
838 1167 950 1206 Voss.2

313 1235 476 1285 Repone

419 1300 734 1350 Delphinumque
764 1313 834 1338 suo
864 1313 932 1350 per
961 1301 1073 1338 inane
1103 1299 1276 1337 notantia
1305 1306 1444 1347 motus,

255 1378 291 1416 h.
305 1391 337 1416 e.
358 1378 532 1415 membra
552 1389 622 1415 suo
642 1384 751 1415 motu
772 1377 1024 1426 exprimentia
1044 1377 1267 1426 delphinum
1289 1383 1428 1413 motus.
1477 1374 1650 1413 Plerum-

256 1457 330 1494 que
350 1456 415 1480 suo
436 1448 533 1480 motu
554 1443 689 1480 editur.

311 1509 358 1547 V.
382 1520 459 1557 450
481 1521 563 1558 sqq.
585 1509 638 1546 sic
661 1515 750 1546 sunt
770 1509 808 1546 in
829 1508 982 1546 Gembl.

421 1574 498 1611 Sed
527 1574 685 1623 regione
714 1587 847 1612 means
874 1573 1052 1623 Cepheus
1081 1573 1246 1611 umentis
1275 1573 1421 1623 Aquari

419 1639 513 1677 Non
543 1640 649 1677 dabit
678 1639 833 1677 illusum
862 1652 990 1677 mores
1019 1639 1108 1677 facit
1137 1652 1205 1677 ora
1235 1651 1392 1676 seuerae

419 1705 575 1742 Frontis
603 1717 648 1742 ac
677 1705 804 1743 uultus
834 1705 1034 1754 componit
1064 1705 1235 1754 pondere
1265 1712 1427 1742 mentes.

313 1788 386 1826 451
412 1780 451 1815 in
471 1779 597 1815 lusum
611 1780 781 1827 plerique
800 1790 976 1816 seuerare
1002 1776 1116 1815 Voss?
1135 1790 1291 1815 manere
1318 1777 1429 1814 Voss}
1453 1777 1474 1814 b
1488 1789 1518 1813 0.
1542 1776 1650 1814 qum

258 1845 430 1882 minere?
477 1843 594 1881 Lucr.
607 1844 652 1880 vi.
675 1857 689 1880 1
702 1854 773 1891 195
792 1843 897 1881 frons
917 1851 1022 1880 tenta
1042 1843 1221 1888 minebat,
1238 1844 1291 1879 sic
1305 1844 1399 1879 enim
1419 1842 1649 1879 scribendum

259 1911 368 1947 docui
383 1911 421 1946 in
442 1909 586 1945 Dz'arz'o
604 1909 744 1946 Philol.
764 1908 986 1957 Cantabrzg.
1003 1908 1052 1945 T.
1069 1909 1102 1945 ii.
1119 1921 1157 1957 p.
1175 1921 1263 1956 223.
1323 1918 1398 1955 452
1420 1907 1650 1957 Frontisque

258 1976 278 2013 b
291 1988 310 2012 0
333 1988 383 2013 ex
403 1975 677 2024 z'nlerpolalz'one
697 1974 863 2012 condere
895 1974 1006 2011 Voss.²
1048 1973 1138 2011 facit
1158 1986 1226 2012 ora
1246 1986 1390 2011 seuera.
1433 1973 1584 2011 Frontis
1604 1985 1650 2010 ac

258 2040 388 2078 uultus
408 2040 608 2088 componit
628 2039 801 2089 pondere
822 2040 960 2077 mentis
982 2038 1165 2089 Scalzger.

302 2105 447 2143 Mirum
477 2112 534 2142 est
561 2105 653 2142 illud
682 2118 827 2142 manere
855 2105 962 2154 quod
991 2112 1048 2142 est
1078 2105 1116 2141 in
1149 2103 1259 2141 Voss.1
1284 2104 1364 2142 bo:
1395 2116 1486 2141 nam
1516 2105 1653 2142 minere

259 2172 317 2209 bis
345 2170 546 2208 Lucretius
565 2170 717 2207 uidetur
735 2182 941 2219 usurpasse
968 2170 1015 2208 de
1045 2183 1084 2208 re
1111 2170 1355 2220 prominente
1375 2176 1412 2207 et
1431 2170 1541 2219 quasi
1562 2182 1651 2219 pro-

259 2237 433 2274 mittente
463 2236 625 2273 ruinam.
688 2235 801 2273 Libet
830 2236 979 2274 adferre
1004 2248 1103 2286 quae
1133 2236 1182 2273 ad
1211 2235 1323 2273 Lucr.
1345 2236 1391 2272 vi.
1415 2238 1490 2283 563
1517 2236 1651 2284 scripsi

260 2314 366 2339 anno
399 2303 527 2350 1869:
572 2300 786 2338 ‘Inclinala
816 2302 953 2338 minent
978 2302 1008 2339 is
1037 2301 1208 2339 retained
1237 2302 1286 2351 by
1316 2300 1542 2347 Lambinus,
1573 2301 1652 2339 and

260 2408 478 2449 Pendebitque
496 2412 604 2448 super,
621 2412 706 2439 totus
720 2407 791 2438 sine
812 2408 940 2449 remige.
987 2409 1105 2439 Votum
1128 2412 1174 2440 est
1193 2408 1270 2439 Illis
1293 2408 1329 2438 in
1346 2412 1456 2449 ponto,
1474 2408 1650 2440 iocundum

260 2457 305 2483 est
331 2462 487 2492 quaerere
510 2456 663 2492 pontum.
723 2451 787 2483 Sed
813 2451 923 2482 nullus
950 2451 1066 2483 dubito
1091 2451 1317 2492 coniungenda
1342 2462 1410 2483 esse
1439 2453 1475 2482 in
1498 2457 1596 2493 ponto
1619 2458 1652 2484 et

261 2505 415 2535 quaerere
432 2500 597 2536 pontum:
621 2505 686 2536 quo
709 2504 864 2526 concesso
887 2496 1007 2526 corruit
1029 2495 1087 2527 illa
1111 2495 1279 2527 Car-rionis
1294 2500 1326 2526 et
1342 2494 1506 2536 Scaligeri,
1526 2497 1653 2539 alioqui

262 2539 316 2569 uix
334 2538 414 2569 satis
431 2549 463 2570 se
480 2538 757 2578 commendatum,
776 2539 950 2570 distinctio.
