1786 2878
264 160 344 198 244
635 157 704 188 Al)
735 157 835 188 ARA
846 157 939 188 TEA
977 157 1265 188 GERMANJCI

261 269 324 317 qui
363 267 594 317 Phosphoro
637 269 716 305 siue
757 267 936 305 Lucifero
971 268 1192 317 saepissime
1231 267 1464 305 adtribuimr.
1536 266 1651 306 Mart.

262 332 406 382 Capell.
439 333 471 370 ii.
508 335 579 370 116
610 338 744 370 aurato
779 333 1023 382 Phosphorus
1055 338 1166 371 aslro.
1237 332 1363 371 Schol.
1389 332 1520 371 Germ.
1546 334 1651 371 Arat.

260 399 318 435 ed.
340 398 598 447 Eyssenhardt
620 411 655 448 p.
678 411 752 444 422
782 404 955 447 quartum
982 399 1085 435 sidus
1115 399 1260 436 Veneris
1282 398 1519 447 Phosphoros
1537 400 1653 436 colore

262 477 381 501 aureo.
439 464 671 501 Tiberianus
698 476 720 500 a
741 463 877 501 Grotio
897 465 1034 501 citatus
1055 463 1209 511 (Baehr.
1231 463 1270 502 P.
1290 463 1334 500 L.
1353 463 1410 501 M.
1433 464 1480 501 iii.
1502 477 1537 514 p.
1559 463 1652 514 269)

261 530 410 566 Aureos
438 530 607 566 subduci!
633 531 735 577 tgncs
761 530 876 565 sudus
904 542 970 565 ora
998 529 1099 565 Luci
1115 542 1163 566 cr.
1222 529 1357 578 Itaque
1381 530 1459 566 luci
1475 542 1536 566 ero
1558 542 1653 566 auro

262 595 297 631 h.
311 608 342 632 e.
363 606 480 632 aureo
500 594 627 632 colore
648 594 744 631 lucis
765 594 922 632 orientis
946 606 1048 631 nunc
1076 594 1328 643 praetulerim.
1376 594 1520 632 Vltimo
1540 606 1652 632 uersu

263 659 592 697 Baehrensianum
649 672 758 708 aeque
813 660 1033 708 reciperem,
1081 660 1152 697 nisi
1203 659 1278 697 alio
1325 659 1507 697 ducerent
1553 671 1651 709 quae

262 732 439 763 secuntur

424 790 524 827 Vere
555 802 689 827 cauere
719 790 860 827 imbres
889 798 924 827 et
954 790 1115 839 fulgura,
1148 790 1285 835 Roma,
1317 798 1513 828 memento

425 855 611 892 Phrixeae
641 864 682 892 ut
710 855 820 893 rutilo
850 855 1007 904 pecudis
1038 856 1238 893 radiauerit
1268 867 1374 901 auro,

262 922 312 959 sic
333 922 435 958 enim
457 921 624 958 emendo
644 920 749 970 quod
770 921 913 957 habent
935 920 1038 958 MSS

424 986 524 1023 Vere
553 998 667 1023 cauer
695 987 838 1023 imbres
867 994 904 1023 et
934 985 1081 1034 fulgera
1110 986 1395 1024 comamenalto

423 1051 585 1088 Phrixea
616 1051 729 1088 rutilo
759 1051 917 1100 pecudis
948 1051 1147 1088 radiauerit
1178 1064 1282 1088 auro.

262 1118 381 1155 Poeta
411 1116 578 1155 Romam
608 1117 826 1167 adloquitur
852 1117 978 1154 uerbis
1000 1124 1006 1134 ¹
1027 1116 1386 1162 I'Pre——mementoss'
1409 1117 1536 1167 itaque
1566 1118 1654 1156 haec

261 1189 292 1220 le
312 1182 553 1220 retinendum
577 1190 658 1219 erat
678 1194 724 1219 ex
747 1181 930 1219 Parisino.

346 1259 395 1296 70
424 1247 590 1284 Vmidus
619 1254 657 1284 at
686 1247 832 1296 gelidos
862 1246 1056 1296 portendit
1085 1247 1279 1296 Aquarius
1307 1247 1450 1293 imbris,

425 1313 698 1362 Hibernaeque
727 1313 869 1350 cadunt
898 1312 1050 1362 pluuiae
1080 1321 1335 1362 concretaque
1365 1313 1512 1362 grando

426 1378 599 1416 Piscibus
629 1391 650 1414 a
680 1378 853 1425 geminis,
911 1377 987 1414 Vbi
1018 1378 1142 1427 prima
1171 1385 1339 1416 recurret
1368 1379 1406 1415 in
1435 1385 1535 1416 astra

423 1443 682 1492 Phosphoros,
714 1443 807 1480 haec
838 1443 903 1480 tibi
935 1443 1045 1492 signa
1075 1443 1179 1480 dabit
1209 1455 1298 1481 cum
1327 1443 1484 1481 lucifero
1513 1455 1608 1481 auro

424 1509 650 1557 Ingrediens
692 1508 824 1545 Venus
867 1509 968 1546 alma
1012 1509 1158 1557 polum.
1230 1508 1307 1546 Sed
1347 1509 1411 1546 ubi
1454 1508 1653 1559 Hesperos

531 1574 630 1622 ignis

346 1650 393 1688 75
426 1639 615 1691 Prouocat
646 1639 834 1676 aetherios
864 1647 900 1676 et
931 1646 1085 1677 noctem
1117 1639 1254 1677 ducere
1281 1640 1388 1678 terris

425 1705 562 1753 Incipit
592 1705 779 1750 exoriens,
810 1704 905 1742 haec
935 1712 970 1742 te
1001 1704 1179 1742 Citherea
1210 1705 1383 1742 monebit

426 1770 549 1807 ‘Vere
581 1782 718 1807 cauere
749 1770 889 1807 imbres
919 1778 955 1807 et
985 1769 1145 1817 fulgura,
1177 1769 1315 1816 Roma,
1347 1778 1556 1817 memento,

423 1835 608 1872 Phrixeae
637 1842 677 1871 ut
708 1835 820 1872 rutilo
848 1835 1008 1883 pecudis
1039 1835 1240 1872 radiauerit
1270 1836 1395 1872 astr0.'

262 1901 380 1947 Quod
418 1911 463 1948 72
496 1900 672 1937 Piscibus
705 1913 728 1937 a
755 1902 915 1949 gcmz'm's
949 1912 1036 1937 cum
1075 1900 1317 1950 praegressis,
1348 1912 1427 1938 non
1467 1912 1555 1938 curn
1594 1912 1652 1938 se-

260 1966 477 2016 (luentibus
499 1965 693 2009 coniunxi,
715 1965 752 2002 id
777 1965 943 2014 postulat
963 1966 1163 2013 signorum
1185 1966 1299 2003 series
1324 1966 1423 2004 iusto
1450 1966 1585 2003 ordine
1611 1978 1652 2003 se

259 2031 543 2080 excipientium,
564 2031 613 2068 ab
633 2031 761 2068 Ariete
785 2030 867 2080 (50)
889 2044 956 2080 per
975 2031 1149 2068 Taurum
1171 2030 1359 2069 Geminos
1381 2035 1436 2068 &c
1453 2031 1501 2068 ad
1522 2031 1653 2069 Pisces

262 2096 357 2147 (72).
415 2096 518 2134 Nam
545 2103 585 2133 ut
612 2097 682 2134 sub
708 2109 946 2146 unoquoque
974 2097 1085 2145 signo
1105 2096 1362 2134 Germanicus
1390 2103 1524 2134 monet
1553 2108 1652 2145 quae

260 2169 466 2211 tempestas
513 2162 754 2211 expectanda
800 2162 856 2207 sit,
896 2163 950 2199 sic
990 2163 1028 2199 in
1070 2171 1116 2210 72
1157 2161 1307 2210 pluuias
1345 2161 1652 2210 grandinemque

260 2228 455 2265 denuntiat
489 2240 511 2264 a
543 2227 729 2265 Piscibus.
789 2228 893 2265 Tum
927 2227 1018 2265 dicit
1052 2227 1158 2272 haec,
1191 2227 1285 2264 sicut
1319 2239 1366 2264 ea
1399 2228 1650 2273 enumerauit‚

258 2293 450 2331 Venerem
478 2292 709 2342 portendere
730 2293 918 2330 matutino
938 2300 1113 2342 tempore
1136 2304 1223 2329 curn
1246 2291 1412 2328 Luciferi
1433 2292 1512 2329 siue
1530 2291 1651 2329 Phos-

257 2359 367 2407 phori
388 2370 531 2395 nomen
552 2369 692 2407 gerens
712 2357 922 2407 ingreditur
943 2358 1104 2395 caelum.
1160 2357 1246 2394 Alia
1265 2363 1490 2406 praemonet
1514 2357 1651 2395 eadem

258 2423 393 2462 Venus
413 2436 501 2461 cum
521 2435 680 2473 uespere
700 2423 878 2460 exoriens
900 2423 1206 2472 splendidissima
1227 2422 1311 2459 luce
1331 2421 1448 2470 fulget
1464 2430 1653 2460 nocturna

303 2521 312 2539 ¹
338 2526 493 2552 memento
517 2521 752 2562 frequentatum
777 2521 959 2557 didacfieis,
978 2520 1125 2561 Vergilio
1149 2519 1190 2551 G.
1213 2519 1247 2551 ii.
1273 2528 1346 2560 259,
1371 2519 1502 2551 Nemes.
1526 2519 1650 2561 Cyneg.

262 2574 334 2603 200,
358 2574 429 2606 293,
447 2564 563 2596 Manil.
582 2565 614 2595 ii.
633 2573 707 2603 403,
727 2572 797 2604 730.
