1786 2878
1547 124 1566 140 ὗ

857 124 888 155 V
1488 123 1540 153 20

1550 140 1567 164 Q

1543 157 1556 165 k

230 240 307 287 546
338 238 496 289 solaque
527 238 567 275 in
596 236 771 275 Vossl’am‘
793 235 883 274 Cus.
905 250 924 273 ο
944 236 977 273 b.
1031 245 1106 284 547
1136 234 1211 273 Pro
1241 234 1339 271 natis
1371 231 1481 271 Voss.1
1508 246 1526 269 0
1548 232 1568 269 b

174 304 336 342 Priuatis
365 304 480 342 Voss—,2
500 303 675 341 Primatis
695 303 805 352 [ζῇς.

227 369 425 408 Bentleius
445 370 497 407 sic
518 368 734 418 corrigebat
1017 414 1020 418 ι

334 435 411 473 Hic
441 435 693 484 Hymenaeus
722 438 814 478 erat,
846 431 1042 481 solataque
1070 431 1224 481 publica
1257 430 1400 468 damna

334 500 507 546 Priuafis,
538 499 742 537 lacrimans
771 505 928 536 ornatur
956 497 1114 535 uictima
1143 509 1305 546 poenae.

172 576 427 615 Andromeda
456 576 580 614 solata
610 582 666 613 est
695 575 850 625 publiea
879 575 1021 612 damna
1049 574 1206 624 priuatis
1237 574 1317 612 siue
1346 586 1426 618 suo,
1450 572 1566 622 idque

171 650 213 680 ut
241 643 307 680 fiat
335 649 522 692 tanquam
555 641 679 680 hostia
712 648 872 679 ornatur
909 641 949 677 in
976 640 1219 690 supplicium.
1291 640 1416 676 Valde
1450 639 1569 676 miror

171 708 388 746 Breiterum
426 707 522 745 haec
556 707 788 756 repudiasse,
823 713 1046 756 corruptum
1085 706 1168 743 Pro
1210 707 1310 742 nalz's
1351 717 1567 750 reuocasse,

171 773 356 823 solataque
374 774 525 823 passiue
545 772 790 810 intellexisse.
848 771 934 809 Nee
954 772 1086 809 Iacobi
1107 771 1233 821 placet
1253 771 1472 808 emendatio

335 839 413 876 Hic
442 838 679 887 hymenaeus
709 844 800 884 erat,
832 837 944 875 solari
975 838 1131 886 publica
1160 837 1304 874 damna

334 902 520 950 Priuatis;
559 903 764 941 lacrimans
793 910 950 941 ornatur
978 903 1135 940 uictima
1163 915 1325 952 poenae.

170 979 325 1018 Tamen
354 980 460 1029 quod
493 980 597 1017 uenit
628 979 721 1017 mihi
757 980 795 1017 in
830 986 998 1017 mentem
1038 979 1163 1029 primo
1197 979 1349 1028 legenti,
1381 990 1429 1015 ne
1462 989 1566 1014 nunc

170 1045 328 1095 quidem
371 1058 527 1095 prorsus
570 1046 706 1091 abicio,
746 1059 794 1083 ex
836 1047 984 1094 solaque
1021 1045 1083 1082 uel
1119 1045 1265 1094 solaque
1302 1046 1342 1082 in
1381 1056 1567 1093 reponere

168 1111 312 1148 solatae.

333 1164 410 1203 Hic
439 1163 676 1215 hymenaeus
705 1172 786 1203 erat
815 1164 958 1203 solatae
987 1164 1140 1214 publica
1169 1164 1313 1202 damna

332 1229 516 1269 Priuatis:
561 1231 767 1268 lacrimans
796 1238 952 1268 ornatur
981 1230 1139 1267 uictima
1168 1242 1331 1279 poenae.

223 1305 273 1343 V.
295 1309 481 1356 554-556
504 1308 558 1345 sie
579 1314 710 1345 extant
730 1308 769 1344 in
793 1307 945 1345 Gembl.
967 1314 1002 1345 et
1025 1307 1158 1345 ceteris

334 1374 515 1412 Seruatur
562 1380 694 1412 tamen
732 1374 771 1411 in
809 1386 937 1424 poena
974 1373 1118 1425 (paena
1167 1371 1323 1424 Gembl.)
1361 1372 1566 1422 uultusque

441 1439 642 1490 pudorque

225 1525 303 1564 555
336 1515 530 1566 Supplicia
558 1517 640 1566 ipsa
668 1515 806 1554 decent
835 1516 948 1554 niuea
978 1516 1128 1554 ceruice
1157 1515 1306 1554 reclinis

335 1581 506 1620 Molliter
534 1582 617 1632 ipsa
647 1594 738 1619 suae
768 1589 898 1620 custos
928 1588 984 1620 est
1013 1582 1095 1632 ipsa
1125 1582 1282 1631 figurae.

223 1670 261 1695 u.
290 1659 366 1706 556
393 1663 448 1696 est
471 1659 553 1708 ipsa
579 1659 716 1697 uitiose
742 1659 896 1697 codices
922 1671 992 1709 pro
1019 1663 1072 1696 est
1098 1660 1194 1695 uisa.
1250 1658 1335 1696 Pari
1369 1670 1493 1695 errore
1527 1659 1565 1694 in

168 1723 265 1761 Stat.
288 1723 352 1761 Sil.
373 1724 395 1762 i.
417 1737 452 1773 3.
476 1738 497 1773 9
519 1724 611 1774 Ipsa
636 1738 749 1761 mame
768 1729 889 1761 tenera
915 1730 1042 1761 lectum
1062 1726 1254 1773 scripsisse
1284 1725 1453 1773 Ibluplas
1473 1725 1564 1761 scri-

170 1788 340 1827 bendum
364 1796 421 1828 est
451 1791 538 1828 Vz'sa
559 1790 664 1840 quod
691 1790 806 1827 habet
832 1789 890 1827 ed.
912 1789 1148 1839 Gryphiana.
1204 1789 1332 1827 Etiam
1353 1789 1469 1827 Mart.
1491 1790 1568 1826 xiv,

174 1856 261 1904 196.
285 1868 304 1892 2
326 1855 431 1905 Ipsa,
462 1855 550 1893 Visa
570 1863 731 1904 utraque
751 1856 791 1892 in
812 1855 1010 1893 codicibus
1030 1855 1217 1904 leguntur.

224 1919 273 1958 V.
294 1923 384 1969 585,
405 1923 482 1970 586
505 1922 557 1959 sic
579 1921 702 1958 traditi
725 1927 813 1958 sunt
832 1921 872 1958 in
895 1921 1046 1959 Gembl.
1063 1928 1099 1958 et
1118 1921 1308 1971 plerisque

332 1986 440 2025 Hinc
470 1988 588 2025 uastis
619 1994 757 2036 urgent
785 1987 983 2024 immensis
1011 1988 1212 2037 torquibus
1242 1988 1356 2025 orbes

333 2050 543 2103 Tergaque
573 2059 808 2090 consumunt
836 2052 1009 2102 pelagus.

173 2129 250 2176 585
280 2129 377 2166 uasti
397 2135 554 2180 surgent
583 2127 697 2166 Voss.2
712 2129 809 2166 uasti
829 2136 982 2177 turgent
1002 2142 1020 2166 ο
1040 2129 1060 2166 b
1081 2129 1251 2178 Regiom.

171 2192 291 2231 Recte
305 2193 536 2232 reduxerunt
545 2195 649 2231 uasti
657 2199 808 2243 turgent
819 2194 986 2231 Iacobus
1000 2201 1036 2232 et
1051 2201 1138 2231 ante
1152 2207 1242 2232 eum
1257 2194 1443 2231 Molinius
1458 2193 1495 2230 in
1506 2193 1568 2230 eds

163 2257 423 2308 :Lugdunensi
456 2270 572 2308 1551,
600 2266 636 2296 et
669 2259 886 2304 Stoeberus‚
916 2259 977 2297 hic
1007 2266 1136 2297 tamen
1166 2260 1265 2297 male
1294 2260 1562 2308 interpretatus

171 2326 359 2373 torquibus
387 2332 574 2375 tanquam
604 2332 703 2363 esset
731 2326 861 2362 ‘tortis
891 2325 1069 2363 fiuctibus
1096 2325 1134 2362 in
1162 2325 1358 2374 torquium
1388 2321 1565 2361 rnoren1.⁷

173 2389 446 2438 Significantur
471 2398 602 2428 uastae
627 2391 917 2428 conuolutiones
941 2391 1030 2428 colli
1057 2398 1093 2428 et
1120 2391 1289 2440 corporis
1309 2390 1443 2427 beluae
1465 2402 1566 2438 quae

173 2455 282 2504 quasi
298 2455 336 2492 in
358 2457 493 2494 seriem
509 2456 701 2506 torquium
721 2456 794 2493 alia
807 2463 894 2505 post
909 2455 1023 2493 aliam
1038 2469 1076 2494 se
1089 2456 1294 2505 explicant.
1351 2455 1413 2492 Sic
1428 2462 1565 2504 postea

175 2529 249 2568 597
280 2522 386 2559 lorle's
415 2523 572 2559 innitens
600 2522 746 2559 orbibus
779 2523 849 2558 alle
879 2521 1041 2559 Emz'cat.
1110 2522 1140 2559 Ι.
1164 2534 1211 2570 43
1220 2534 1240 2569 3
1267 2520 1386 2567 Quam
1409 2526 1567 2570 propla-
