1786 2878
790 148 835 178 ll
1457 150 1511 197 53

278 249 472 300 Lanigero
500 252 638 301 genitis
666 251 809 289 bellum
838 259 895 290 est
925 265 1013 291 cum
1043 253 1201 303 Virgine
1231 256 1330 293 natis

277 316 327 353 Et
356 315 474 354 Libra
500 323 538 354 et
566 316 742 355 Geminis
771 324 808 355 et
836 319 868 355 si
898 330 997 368 quos
1025 320 1180 369 protulit
1208 320 1330 358 Vrna.

115 380 280 419 Iacobus
301 382 354 419 sic
374 382 492 419 edidit
1001 434 1005 437 Δ

276 447 326 484 Et
355 446 496 485 Libra:
527 446 695 494 Gemini,
727 447 869 493 Pisces,
899 461 998 498 quos
1026 449 1185 498 protulit
1214 450 1332 488 Vnda

114 512 254 561 quibus
283 512 412 549 uerbis
433 511 654 562 ‘neglecta’
681 513 762 550 siue
794 514 921 562 potius
952 514 1055 552 nulla
1085 522 1274 552 structura
1305 515 1512 554 cohaeren-

114 578 215 614 tibus
235 577 352 615 uoluit
368 577 442 615 hoc
462 577 678 627 significari,
688 578 808 615 Arieti
829 579 970 616 bellum
992 592 1074 617 esse
1096 593 1185 618 cum
1199 581 1369 631 quinque
1392 583 1512 631 signis

116 642 276 691 Virgine
297 642 414 680 Libra
435 642 613 681 Geminis
634 643 809 681 Piscibus
831 644 1015 694 Aquario.

170 707 313 746 Melius
346 707 510 747 Manilio
539 710 784 748 consuluerat
815 709 1037 748 Gronouius
1067 710 1269 750 Obseruat.
1300 713 1335 751 ii.
1367 723 1388 761 5
1421 713 1513 751 scri-

115 774 245 812 bendo

276 838 326 876 Et
356 838 474 877 Libra
503 846 540 878 et
570 841 715 890 gemini
746 840 875 879 Pisces
905 854 1005 891 quos
1033 842 1190 891 protulit
1219 843 1336 881 unda.

115 905 250 953 Itaque
270 912 345 942 tres
365 905 495 943 hostes
515 906 694 944 adtribuit
714 906 847 953 Arieti,
868 914 980 944 natos
1001 908 1072 945 sub
1094 908 1266 957 Virgine,
1289 909 1361 946 sub
1383 908 1516 956 Libra,

117 969 188 1005 sub
209 967 393 1005 Piscibus.
433 967 544 1006 Idem
559 969 740 1018 opinatus
762 976 818 1006 est
840 969 1016 1015 Huetius,
1034 971 1137 1008 idem
1157 978 1193 1008 et
1211 970 1429 1017 StoeberuS‚
1447 971 1515 1008 sed

115 1040 156 1070 ut
177 1033 412 1075 emendaret.
433 1046 569 1083 parum
590 1034 651 1071 ille
673 1034 829 1083 quidem
850 1034 1007 1072 feliciter

277 1098 327 1135 Et
356 1097 473 1136 Libra
501 1106 538 1136 et
566 1100 729 1149 geminis
759 1112 858 1150 quos
887 1101 1017 1137 Pisces
1047 1101 1204 1150 protulit
1232 1101 1348 1139 unda.

115 1174 179 1211 Ab
207 1174 266 1212 his
294 1188 337 1212 111
361 1175 463 1221 uiris,
485 1181 522 1213 et
541 1176 747 1225 praecipue
769 1178 818 1213 ab
849 1190 998 1215 HUETIO
1019 1177 1057 1214 in
1088 1177 1159 1215 hac
1186 1190 1225 1216 re
1250 1178 1512 1216 astronomica

114 1240 355 1289 peritissimo,
369 1252 449 1278 non
469 1241 593 1279 audeo
613 1242 813 1288 recedere3
843 1254 965 1279 unum
985 1250 1113 1279 tamen
1134 1243 1259 1280 habeo
1280 1256 1358 1293 quo
1379 1244 1516 1281 melius

117 1303 166 1340 ad
191 1315 327 1340 eorum
352 1316 486 1342 sensus
511 1304 799 1342 conformentur
819 1306 937 1342 uerba
965 1304 1124 1352 Manilii,
1146 1313 1187 1343 ut
1211 1311 1246 1343 el
1266 1314 1355 1356 post
1372 1308 1521 1356 gemmz'

116 1369 302 1406 excidisse
323 1381 418 1415 rear,

279 1433 330 1471 Et
358 1433 486 1481 Libra,
515 1435 659 1484 gemini
689 1442 725 1473 et
756 1435 878 1473 Piscis
907 1448 1006 1486 quos
1035 1436 1194 1486 protulit
1222 1437 1341 1483 unda,

117 1510 153 1548 h.
173 1522 206 1548 e.
226 1517 264 1548 et
292 1523 381 1548 cum
401 1511 467 1558 eis,
489 1523 588 1560 quos
617 1512 722 1549 unda
751 1512 894 1560 gemini
924 1512 1045 1550 Piscis
1075 1513 1242 1562 protulit.
1300 1513 1358 1551 Cf.
1386 1514 1414 1551 Ι.
1440 1524 1515 1563 273

117 1576 214 1613 Post
235 1577 334 1613 lzunc
356 1577 536 1626 inflexam
565 1577 737 1627 defundit
756 1577 953 1626 Aquarius
980 1591 1129 1625 urnam,
1155 1579 1331 1617 Piscibus
1354 1585 1519 1618 assuetas

62 1631 67 1638 ’
117 1642 225 1678 auide
242 1642 475 1679 subeuntibus
494 1643 623 1679 undas.

173 1707 225 1744 ΙΙ.
251 1709 382 1756 583-6
404 1708 457 1745 sic
478 1714 611 1745 extant
630 1708 668 1744 in
690 1707 845 1745 Gembl.

281 1773 393 1810 Vnus
422 1780 500 1811 erat
531 1773 693 1819 Pssades,
724 1786 824 1811 unus
854 1774 919 1824 qui
949 1774 1078 1812 mallet
1108 1774 1268 1813 Orestes

519 1837 572 1869 uel
589 1837 629 1869 lis

281 1883 370 1932 Ipse
399 1883 497 1920 mori
527 1883 620 1920 leuis
649 1895 727 1919 una
755 1882 824 1920 fuit
853 1895 921 1932 pei·
950 1884 1079 1921 secula
1107 1885 1244 1922 mortis

280 1948 388 1985 Alter
417 1947 522 1998 quod
551 1956 699 1997 raperet
729 1948 849 1985 fatum
878 1961 957 1986 non
987 1950 1139 1987 cederet
1168 1950 1263 1988 alter

282 2013 332 2051 Et
361 2013 439 2051 duo
468 2014 533 2063 qui
562 2020 722 2064 potuere
752 2014 859 2063 sequi
888 2015 951 2051 uix
981 2016 1100 2052 noxia
1128 2016 1275 2064 poenis.

118 2089 214 2127 leuis
236 2088 323 2127 Cus.
344 2103 362 2127 0
381 2089 464 2127 laus
494 2090 665 2127 Vossz'czni
680 2090 725 2127 lis
745 2089 918 2139 Scalzgrer
938 2103 1033 2129 urna
1051 2093 1102 2129 ed.
1124 2092 1265 2131 lisolz’n.
1297 2102 1411 2141 1551.

173 2168 210 2192 u.
234 2157 310 2203 586
333 2156 385 2193 sic
405 2155 572 2193 emendo

174 2221 226 2258 Et
246 2221 323 2259 duo
343 2221 409 2270 qui
428 2227 587 2270 potuere
608 2221 729 2271 sequi,
747 2221 812 2258 uix
833 2234 975 2258 noscere
993 2228 1143 2270 poenas.
1200 2223 1291 2261 Duo
1312 2230 1419 2261 erant
1441 2231 1518 2261 tam

120 2286 234 2324 amici
268 2286 366 2323 inter
394 2298 434 2323 se
464 2292 506 2323 ut
539 2285 633 2323 alter
662 2298 732 2335 pro
763 2286 882 2324 altero
913 2287 1146 2336 supplicium
1176 2289 1348 2333 ambiret,
1381 2301 1518 2337 parum

121 2363 260 2389 curans
281 2363 454 2401 quonam
474 2363 615 2400 genere
636 2352 861 2401 plectendus
881 2359 990 2389 esset.
1034 2352 1154 2402 Sequi
1168 2353 1230 2391 hic
1252 2360 1309 2391 est
1326 2353 1518 2391 adfectare

122 2417 183 2454 uel
210 2417 307 2455 ultro
334 2424 473 2466 petere.
532 2417 728 2455 Diodorus
757 2430 793 2454 x.
820 2430 841 2463 4
867 2417 916 2454 de
943 2417 1124 2456 Damone
1153 2419 1329 2468 loquens,
1351 2419 1416 2468 qui
1447 2431 1519 2468 pro

123 2483 248 2521 amico
284 2483 433 2520 Phintia
467 2495 697 2532 sponsorem
728 2495 768 2519 SC
800 2483 933 2520 mortis
964 2482 1145 2534 (ἐγγυητὴν
1170 2488 1231 2520 τοῦ
1260 2485 1420 2536 θανάτου)
1451 2486 1521 2523 Ol)-

123 2548 266 2594 tulerat,
290 2549 377 2586 dicit
398 2549 434 2586 ὃς
454 2551 529 2585 οὐδὲ
551 2551 715 2586 διστάσας
736 2550 856 2596 ἔγγυος
876 2549 974 2586 εὐθὺς
995 2550 1132 2597 ἐγενήθη
1150 2551 1302 2587 θανάτου.
