1786 2878
854 128 885 161 V
1482 120 1561 173 187

168 242 268 281 quae
289 243 373 280 rege
391 231 451 268 uel
468 243 539 268 uno
558 228 673 268 etiam
694 228 723 267 si
744 228 837 267 alter
857 235 1006 267 tantum
1029 240 1176 279 regum,
1195 228 1273 268 siue
1289 227 1563 278 Agamemnon

166 297 246 333 siue
277 295 494 341 Menelaus,
523 295 563 332 in
592 295 781 333 rationem
810 295 972 341 ueniret,
996 297 1173 344 princeps
1201 301 1280 332 erat
1308 295 1563 343 principatum

165 361 321 398 tenebat
355 360 518 398 Troiani
543 361 636 398 belli.
693 359 875 398 Ceterum
907 367 994 409 apte
1028 360 1261 396 illustrantur
1292 359 1433 397 Thebae
1465 361 1564 397 diuis

165 425 303 463 florere
333 425 457 463 dictae
486 425 614 463 uerbis
645 424 847 474 Sophoclis
876 425 979 474 apud
1002 413 1286 462 Dicaearchum
1317 425 1356 461 in
1382 423 1562 473 Descrip-

163 491 270 529 tione
299 490 487 528 Graeciae
517 489 621 540 (Gail
641 490 768 539 Geog.
790 490 931 528 Graeci
952 490 1050 527 Min.
1071 490 1107 526 ii.
1128 503 1165 539 p.
1192 487 1284 541 128)
1306 490 1422 535 Θήβας
1449 491 1562 538 λέγεις

162 572 220 602 μοι
239 558 299 593 τὰς
316 555 464 594 ’πύλαις1
485 559 720 602 ἑπταστόμους
741 556 791 591 Οὗ
811 557 851 601 δὴ
871 558 975 602 μόνον
993 557 1165 592 τίκτουσιν
1183 557 1217 591 αἱ
1237 556 1353 601 θνηταὶ
1372 555 1479 592 θεούς.

220 620 268 658 V.
291 630 478 670 371-374
502 621 555 659 sic
575 628 707 659 extant
731 621 770 658 in
791 620 945 658 Gembl.

325 691 433 730 Mille
464 692 581 730 fluent
611 699 713 730 artes
743 699 808 729 aut
835 692 979 729 bellum
1008 691 1174 729 indicere
1204 691 1351 729 mundo

323 756 374 794 Et
403 758 554 795 medios
584 758 682 795 inter
711 758 909 795 uolucrem
939 769 1121 807 prensare
1151 764 1300 795 meatus

411 823 464 854 uel
481 823 568 854 nidis
600 823 653 854 uel
672 822 828 854 damnare

323 866 402 905 Aut
429 868 569 906 nitidos
597 868 764 906 clamare
794 868 872 905 suis
899 879 1057 905 ramoue
1087 866 1284 904 sedentem

952 931 1006 963 uel
1023 931 1148 963 deicere

323 975 603 1014 Pascentemue
633 988 748 1026 super
777 976 970 1025 surgentia
998 976 1124 1014 dicere
1153 975 1255 1013 uina.

217 1061 288 1101 371
327 1052 450 1090 fluunt
491 1051 604 1090 Voss.1
642 1052 731 1091 Cus.
796 1062 871 1101 372
913 1055 1076 1101 pensare
1113 1052 1201 1090 Cus.
1236 1063 1399 1101 pensare
1445 1049 1557 1088 Voss}

162 1127 210 1166 37
217 1131 238 1166 3
274 1118 415 1156 nitidos
450 1117 616 1156 clamare
649 1118 739 1157 Cus.
777 1118 952 1156 Vossianz’
975 1118 1131 1156 racione
1164 1117 1254 1156 Czcs.
1314 1126 1390 1166 374
1421 1116 1558 1154 ducere

159 1183 333 1232 Regiam.
355 1183 434 1221 lina
454 1184 474 1221 b
490 1197 508 1220 o
524 1183 696 1233 Regz'om.

214 1248 331 1286 Ortos
361 1250 433 1286 sub
455 1248 574 1287 Olore
595 1249 784 1295 describit,
806 1249 943 1298 quibus
964 1261 1077 1287 curae
1103 1254 1191 1287 sunt
1211 1259 1309 1297 quae
1333 1246 1382 1284 ad
1402 1258 1494 1284 aues
1519 1252 1558 1284 et

159 1314 365 1363 aucupium
385 1314 589 1363 pertinent.
647 1326 682 1351 u.
706 1323 753 1362 37
761 1327 781 1362 3
805 1315 984 1350 damnare
1006 1314 1174 1363 Scaliger
1203 1314 1470 1362 interpretatus
1499 1318 1557 1350 est

159 1391 311 1426 exuere,
335 1380 511 1429 spoliare,
533 1379 648 1430 idque
669 1381 784 1417 tuitus
804 1387 862 1417 est
881 1392 928 1417 ex
951 1379 1069 1417 Solin.
1086 1380 1158 1416 xiv.
1173 1376 1226 1430 (p.
1241 1380 1290 1427 69
1312 1377 1556 1429 Mommsen)

158 1444 362 1493 Philippus
381 1444 598 1481 Macedom‘s
617 1444 886 1493 fllagnz'paler
905 1445 1103 1481 damnatus
1121 1449 1173 1482 est
1191 1445 1300 1481 oculo.
1353 1443 1416 1480 Sic
1437 1443 1555 1493 scrip-

158 1510 252 1547 sisse
274 1509 479 1547 Manilium
500 1522 579 1548 non
604 1510 718 1547 credo
730 1522 739 1555 ;
771 1522 843 1548 nec
864 1509 1024 1547 Bentleii
1044 1510 1142 1547 coni.
1164 1513 1310 1558 captare
1330 1507 1523 1546 satisfacit.

212 1576 273 1612 EX
292 1575 449 1613 Aristot.
478 1575 530 1613 H.
551 1576 598 1612 A.
626 1576 673 1612 lx.
698 1588 768 1623 131
800 1577 835 1611 ἐν
863 1577 898 1611 δέ
929 1573 1042 1623 Θρᾴκῃ
1071 1580 1112 1621 τῇ
1142 1578 1327 1621 καλουμένῃ
1356 1576 1437 1611 ποτὲ
1468 1576 1555 1610 Κεδ-

156 1644 307 1688 ρειπύλει
327 1642 361 1677 ἐν
383 1644 429 1690 τῷ
456 1642 528 1677 ἕλει
553 1641 753 1688 θηρεύουσιν
779 1644 810 1677 οἱ
836 1642 1004 1689 ἅνθρωποι
1032 1643 1074 1677 τὰ
1103 1641 1230 1688 ὀρνίθια
1259 1644 1348 1686 κοινῇ
1377 1642 1461 1686 μετὰ
1489 1644 1556 1676 τῶν

157 1709 308 1754 ἱεράκων,
328 1709 360 1742 οἱ
377 1708 438 1753 μὲν
455 1708 520 1754 γὰρ
541 1708 675 1754 ἔχοντες
695 1707 783 1753 ξύλα
803 1710 954 1749 σοβοῦσι
976 1709 1035 1743 τὸν
1059 1709 1209 1752 κάλαμον
1235 1706 1288 1742 καὶ
1312 1707 1372 1752 τὴν
1398 1705 1482 1751 ὕλην
1501 1704 1555 1741 ἵνα

155 1773 321 1808 πέτωνται
339 1774 381 1808 τὰ
401 1773 540 1820 ὀρνίθια,
562 1775 593 1807 οἱ
619 1772 648 1808 δ’
670 1773 795 1819 ἱέρακες
821 1773 947 1808 ἅνωθεν
971 1774 1252 1819 ὑπερφαινόμενοι
1276 1773 1552 1814 καταδιώκουσιν,

156 1837 327 1887 intelligo
364 1837 483 1875 moris
521 1849 815 1886 nonnumquam
847 1836 960 1875 fuisse
991 1837 1273 1886 aucupantibus
1304 1843 1347 1874 ut
1377 1836 1554 1874 uolucres

156 1916 203 1941 ex
221 1903 376 1940 sedibus
389 1904 658 1952 proturbarent
680 1903 908 1950 clamand03
939 1903 1042 1940 unde
1062 1903 1127 1940 ubi
1147 1902 1380 1947 euolassent‚
1401 1902 1441 1938 in
1461 1904 1555 1940 retia

156 1969 334 2015 incidere,
364 1976 401 2007 et
434 1969 487 2006 sic
524 1969 620 2018 capi.
676 1969 812 2018 Itaque
846 1969 1090 2006 retinendum
1118 1968 1233 2006 credo
1262 1969 1435 2013 clamare,
1466 1968 1502 2005 h.
1519 1981 1553 2007 e.

157 2037 298 2077 σοβεῖν;
328 2035 447 2072 uerba
468 2034 521 2072 sic
543 2033 736 2079 struenda,
757 2035 918 2070 clamare
937 2035 1109 2071 sedentem
1130 2034 1231 2070 nidis
1251 2035 1329 2070 suis
1349 2047 1509 2071 remoue.

210 2099 259 2137 V.
282 2102 370 2149 385,
395 2101 471 2148 386
493 2100 547 2137 sic
568 2107 699 2137 extant
719 2099 758 2136 in
779 2098 933 2136 Gembl.

317 2176 479 2214 Pascere
509 2188 601 2213 aues
630 2176 800 2224 gaudent
829 2175 982 2213 ueneris
1010 2181 1047 2213 et
1076 2175 1235 2213 reddere
1266 2177 1438 2216 †caeeos

317 2242 396 2279 Aut
425 2242 538 2280 certis
568 2253 749 2279 reuocare
779 2241 890 2287 notis,

158 2325 234 2370 385
255 2324 403 2360 ueneris
428 2323 598 2373 gaudent
627 2323 741 2361 Voss?
764 2322 933 2372 gaudent
959 2323 1110 2361 ueneris
1133 2326 1208 2360 cett.
1230 2321 1385 2360 credere
1407 2334 1549 2371 campo

158 2387 344 2425 Benllcz‘us
364 2388 525 2427 reddere
545 2388 654 2425 caelo
675 2388 841 2425 Iacobus.

211 2452 346 2492 Fuitne
366 2455 508 2492 credere
526 2467 628 2491 caeco
640 2456 661 2490 Β
684 2453 719 2490 h.
733 2466 765 2491 e.
779 2453 878 2491 aeris
898 2454 1023 2504 spatio
1040 2453 1146 2504 quod
1167 2452 1285 2491 oculis
1306 2452 1548 2504 exploratum

431 2539 442 2558 ¹
466 2540 520 2572 Sic
533 2540 711 2572 Salmasius
729 2550 789 2582 pro
807 2551 845 2572 eo
863 2540 952 2582 quod
969 2540 1065 2572 habet
1083 2540 1185 2572 codex
1200 2537 1309 2571 πύλας.
