1786 2878
240 116 321 165 248
612 122 682 154 AD
713 123 918 154 ARATEA
955 122 1244 154 GERMANJCJ

237 230 382 268 ratione
415 241 486 267 nec
521 229 675 268 Cancro
708 229 907 279 probanda
941 241 1011 267 nec
1043 228 1229 274 Geminis,
1260 227 1496 278 significatur
1529 233 1626 264 tem-

235 302 412 345 pestates,
444 307 542 345 quae
571 307 658 333 cum
690 293 885 333 Mercurio
908 294 1081 332 Taurum
1111 293 1347 342 ingrediente
1377 292 1624 342 proueniunt,

236 361 372 399 durare
397 373 442 398 ac
467 361 530 397 uix
558 361 806 410 sequentibus
836 361 954 410 signis
980 359 1114 397 cedere
1138 358 1393 396 Geminorum
1422 363 1459 395 et
1483 357 1625 395 Cancri

237 438 372 464 serena
392 426 616 476 plerumque
640 425 848 463 ferentium.
907 425 959 462 At
979 437 1069 462 cum
1089 423 1261 461 Leonem
1281 423 1502 472 ingreditur,
1524 421 1624 459 soliti

239 499 420 529 secuntur
452 491 608 537 calores,
640 504 710 529 nec
740 491 947 540 quicquam
976 489 1241 528 declinationis
1270 488 1311 526 fit
1341 500 1363 525 a
1392 487 1628 538 praescripto

239 563 382 603 tenore,
403 569 480 606 quo
505 556 672 594 mediam
700 563 883 594 aestatem
904 563 1030 593 aestus
1053 555 1265 600 comitatur,
1289 552 1422 592 Leone
1449 559 1627 590 seruante

240 635 392 671 semper
414 622 574 671 uestigia
593 621 642 659 ad
663 634 751 659 eum
773 622 890 659 finem
911 633 987 671 quo
1009 621 1108 658 dicta
1129 620 1208 658 siue
1229 619 1428 669 praefinita
1448 625 1546 656 sunt.

296 688 357 725 Sic
383 699 537 725 uersum
559 687 788 736 interpretor
814 698 887 735 150
907 694 947 724 ut
967 687 1005 723 in
1029 685 1226 724 codicibus
1245 685 1397 722 Arund.
1417 691 1453 722 et
1472 683 1629 720 Illeerm.

241 754 400 802 scriptus
420 759 544 790 extat:
575 753 635 789 hic
653 765 722 801 quo
742 753 849 789 dicta.
908 752 984 789 Sed
1002 751 1125 789 Basz'l.
1147 758 1184 788 et
1203 750 1337 788 Paris.
1359 749 1502 787 habent
1523 749 1630 785 Hinc

241 832 310 868 quo
337 819 446 865 dicta,
477 817 655 855 uidelicet
683 829 705 854 a
734 818 810 855 fine
837 817 1092 855 Geminorum
1122 816 1171 854 ad
1199 828 1289 853 eum
1318 815 1524 853 terminum
1552 825 1631 863 quo

242 884 402 933 uestigia
439 883 660 933 praestituta
698 890 796 920 sunt.
855 883 988 920 Habet
1025 889 1153 919 tamen
1192 881 1324 919 nescio
1362 880 1455 930 quid
1493 879 1631 917 insoliti

241 950 360 995 locus,
396 956 438 986 ut
470 948 534 985 uix
567 948 739 986 dubitem
771 948 1036 998 reponendum
1070 959 1154 985 esse
1187 947 1293 984 Hinc
1326 946 1503 991 condicta,
1536 944 1574 982 h.
1600 956 1633 982 e.

242 1022 353 1065 pacta
371 1022 408 1052 et
427 1021 516 1051 ante
535 1015 780 1063 praescripta.

302 1091 369 1128 151
404 1079 574 1117 Flatibus
603 1086 641 1117 at
669 1079 802 1128 gelidis
831 1079 964 1116 miscet
993 1078 1195 1128 tranquilla
1225 1090 1362 1115 serena

407 1145 577 1194 Specifer
607 1145 796 1182 adeamita
823 1156 952 1189 manu,
984 1157 1055 1182 nec
1086 1144 1180 1181 libra
1208 1143 1367 1181 metenti

404 1210 589 1248 Dissentit
619 1210 741 1257 diuae,
773 1209 840 1247 sed
870 1216 911 1247 ut
940 1209 1034 1247 haec
1063 1216 1226 1247 uentura
1257 1220 1390 1246 serena

405 1276 578 1313 Nuntiat.

246 1341 416 1391 Specifer
442 1341 633 1378 adeamita
652 1340 775 1378 Basz'l.
826 1340 1011 1390 Spicifera
1038 1339 1110 1376 dea
1138 1338 1241 1375 nuda
1260 1338 1393 1375 Paris.
1442 1337 1513 1374 dea
1542 1343 1635 1374 nuta

244 1408 395 1444 Arund.
418 1412 451 1444 el
462 1406 619 1444 llleerm.
640 1414 731 1444 nota
746 1406 898 1452 Iriarle,
919 1405 988 1454 qui
1002 1410 1035 1441 el
1052 1405 1168 1441 libera
1188 1403 1370 1448 tendenti,
1390 1403 1488 1452 quod
1503 1401 1638 1439 habent

244 1472 372 1518 MSS,
392 1474 430 1509 z'n
451 1473 546 1510 libra
565 1472 721 1510 metenti
741 1472 916 1509 correxit.

300 1538 391 1575 Non
412 1538 527 1575 credo
546 1549 679 1575 uerum
701 1549 783 1575 esse
805 1541 898 1582 nota,
921 1548 1054 1586 parum
1082 1535 1339 1585 significanter
1362 1534 1542 1583 positum,
1563 1545 1635 1571 nec

245 1604 399 1653 optimis
425 1616 537 1640 usum
563 1604 730 1641 testibus.
786 1602 972 1652 Displicet
1002 1602 1116 1639 etiam
1144 1602 1256 1647 nuda,
1278 1600 1385 1650 quod
1407 1599 1472 1636 uix
1498 1598 1546 1636 ad
1574 1598 1637 1635 illa

245 1671 420 1719 spicffera
441 1682 554 1706 manu
577 1670 669 1708 satis
691 1669 840 1706 uidetur
864 1674 1009 1718 aptum.
1067 1666 1247 1705 Fortasse
1274 1665 1478 1715 scripserat
1503 1665 1635 1701 amica.

248 1734 445 1772 Blaxlmus
470 1738 547 1783 περὶ
573 1740 748 1783 καταρχῶν
767 1734 826 1772 ed.
848 1733 1035 1771 Ludwlch
1060 1745 1133 1781 219
1154 1732 1318 1779 Ἀστραίη
1338 1731 1438 1778 κούρη
1458 1746 1635 1777 σταχυη-

246 1802 377 1847 φόρος
411 1800 650 1848 ἠπιόδωρος.
708 1799 919 1849 Euphorbii
953 1810 1086 1835 uersus
1119 1797 1165 1834 de
1200 1797 1358 1834 zodiaco
1390 1808 1412 1844 3
1443 1794 1636 1847 (B'ahrens

247 1865 288 1903 P.
307 1864 350 1902 L.
366 1864 421 1902 M.
443 1866 486 1902 iv.
507 1879 543 1915 p.
571 1866 662 1916 146)
684 1867 757 1903 Leo
776 1878 905 1903 saeuus
926 1869 958 1901 el
975 1864 1092 1901 almae
1123 1862 1290 1911 Virginis
1310 1866 1426 1898 astra.
