1786 2878
247 125 263 151 I
277 126 292 152 1
304 124 325 153 2
660 122 853 153 NOCTES
883 122 1210 154 MAAVLIAMqE

244 229 320 274 604
353 226 494 264 Tereia
522 226 708 276 <Tricena
738 226 776 280 b)
808 227 928 265 forma
963 235 1018 266 est
1051 236 1087 266 et
1122 240 1274 266 summo
1310 229 1384 266 iam
1419 241 1454 279 p.
1476 242 1507 268 c.
1541 229 1629 268 Cus.

253 290 364 330 Voss.¹
397 293 417 330 b
437 306 456 329 ο
489 293 629 331 Tereia
669 293 792 330 forma
826 301 863 331 et
896 306 1048 331 summo
1081 295 1102 332 i.
1125 307 1161 343 p.
1185 307 1218 332 c.
1259 292 1372 331 Voss.²
1427 295 1475 332 T.
1506 295 1630 333 forma

242 358 346 395 uenit
362 356 557 396 Breilerus
576 362 783 408 comparato
804 360 879 396 606
897 359 1084 409 Quaeque
1105 359 1200 396 infra
1220 360 1387 397 ueniens.
1437 360 1631 398 Lucz'anus

241 422 407 460 Mueller
425 424 466 460 de
484 437 523 461 re
542 428 642 461 metr.
654 431 694 472 p.
714 437 731 460 2
744 426 787 461 16
810 424 932 461 forma
951 432 1007 461 est
1022 432 1128 473 passe
1147 425 1286 473 quidem
1308 427 1465 472 seruari,
1483 434 1538 463 est
1559 439 1631 462 non

242 489 428 534 inclinato,
444 490 564 537 polius
583 493 700 525 lamen
722 489 845 527 forma
865 490 933 527 erit
951 490 1178 527 scribendum
1194 492 1363 539 opz'nalus
1377 496 1429 528 est
1441 504 1455 528 .·
1483 493 1550 527 cui
1560 504 1630 528 non

241 554 435 591 adsentior.

295 617 485 656 Describit
514 618 759 656 undecimam
791 618 988 668 regionem
1022 620 1238 669 proximam
1273 619 1446 657 decimae
1481 627 1517 657 et
1550 633 1630 658 uno

240 689 388 720 tantum
419 683 617 721 interuallo
644 696 666 721 a
691 684 831 722 uertice
857 684 952 722 caeli
979 684 1195 722 distantem.
1254 685 1330 722 Sed
1356 686 1491 722 uitium
1519 686 1631 723 traxit

242 750 331 794 604.
388 748 564 786 Fortasse
585 749 685 786 subit
708 749 953 787 scribendum
984 756 1052 797 est,
1074 749 1110 788 h.
1125 763 1157 788 e.
1179 751 1348 800 sequitur
1367 750 1427 787 uel
1455 750 1540 788 loco
1560 763 1630 788 suo

240 812 422 863 procedit.

295 878 366 916 III.
392 880 481 924 606,
505 880 580 927 607
603 879 656 916 sic
676 885 807 917 extant
826 879 866 916 in
886 878 1039 917 Gembl.

402 943 590 994 Quaeque
620 944 716 982 infra
744 945 904 982 ueniens
934 945 1057 994 spatio
1087 945 1208 983 diuisa
1237 946 1308 983 sub
1338 957 1464 996 aequo

404 1008 486 1046 Ter
513 1009 806 1059 quinquagenas
837 1009 1032 1059 complent
1061 1022 1130 1047 sua
1158 1022 1317 1048 munera
1346 1012 1494 1048 bruma.

295 1075 373 1111 606
392 1074 496 1124 sort.
527 1086 651 1124 aequo
675 1083 742 1112 est.
795 1077 868 1123 607
901 1075 981 1113 Ter
999 1076 1134 1112 codices
1154 1075 1225 1113 Per
1245 1075 1416 1125 Scaliger
1436 1077 1632 1126 complent

251 1138 366 1177 Voss.²
399 1151 468 1176 sua
501 1139 669 1189 complet
701 1152 752 1179 m.
788 1140 943 1177 brumas
987 1139 1098 1178 Voss.¹
1155 1141 1323 1191 complet
1361 1153 1431 1179 sua
1469 1153 1631 1180 munera

240 1204 395 1242 brumas
416 1204 571 1254 (bruma
593 1204 698 1255 Cus.)
723 1204 811 1243 Cus.
833 1205 853 1242 b
869 1218 898 1243 0.

294 1268 455 1306 Videtur
487 1274 538 1307 est
573 1269 760 1308 excidisse
798 1270 838 1308 in
879 1270 955 1308 fine
989 1283 1024 1308 u.
1061 1272 1150 1309 606.
1209 1271 1444 1321 Sequentem
1478 1283 1631 1309 uersum

240 1335 383 1384 optime
405 1334 574 1384 Scaliger
593 1335 812 1373 emendauit

401 1400 481 1437 Per
510 1401 802 1450 quinquagenas
831 1400 998 1450 complet
1027 1413 1094 1438 sua
1123 1414 1283 1438 munera
1311 1403 1478 1439 brumas.

295 1464 395 1511 Quis
415 1465 544 1503 credat
564 1466 678 1503 etiam
698 1466 736 1502 in
757 1465 908 1504 Molinii
929 1466 1137 1504 editionem
1154 1466 1293 1518 (1551)
1315 1467 1471 1505 durasse
1493 1467 1575 1512 Ter,
1592 1474 1632 1504 ut

240 1531 441 1568 cornicum
461 1531 539 1568 uita
558 1539 687 1580 posset
708 1531 931 1569 hominibus
951 1532 1200 1580 contingere?

295 1595 367 1633 III.
388 1598 572 1644 614-617
596 1596 651 1634 sic
671 1603 801 1634 extant
820 1597 859 1633 in
881 1596 1033 1634 Gembl.

403 1661 523 1708 Quod
552 1673 666 1710 super
695 1674 855 1699 occasus
884 1668 1109 1711 temptatum
1140 1669 1197 1699 est
1225 1662 1325 1700 dena
1355 1663 1508 1699 remittit

297 1728 374 1774 615
404 1727 610 1764 Annorum
640 1727 761 1775 spatia
790 1734 827 1765 et
856 1727 1044 1764 decimam
1074 1728 1194 1765 tribus
1223 1729 1389 1777 applicat
1419 1728 1538 1766 auctis

403 1792 567 1829 Interius
595 1804 755 1841 puerum
785 1793 975 1829 interimet
1005 1793 1297 1842 bissexperactis

403 1857 615 1894 Immatura
643 1857 767 1894 trahet
794 1857 931 1894 natalis
960 1869 1122 1906 corpora
1151 1859 1320 1896 morbus.

296 1924 372 1968 614
403 1927 446 1958 ut
470 1921 621 1968 Gembl.,
652 1921 740 1959 Cur.
773 1920 884 1959 Voss.¹
914 1923 966 1960 bo
993 1927 1036 1967 el,
1066 1922 1196 1959 Iacobo
1216 1928 1306 1970 leste,
1327 1924 1434 1972 Lz'ps.
1491 1923 1568 1962 Sed
1593 1926 1632 1961 z'n

246 1987 382 2025 Gembl.
402 1987 441 2024 T
434 1987 620 2024 homasz'us
639 1988 832 2024 aduolauit
855 1989 1100 2036 ‘temptatum
1117 1987 1172 2038 (tfi
1193 1990 1232 2025 in
1248 1987 1342 2038 ras.)
1358 1996 1414 2027 est
1431 1988 1467 2040 (e
1484 1991 1522 2026 z'n
1539 1990 1632 2038 ras.)

241 2052 341 2090 dena
356 2065 406 2090 ex
425 2052 513 2090 deni
528 2065 623 2089 corr.
637 2059 702 2101 pr.
719 2052 777 2089 m.’
816 2059 1041 2101 temptatum
1060 2060 1115 2090 ter
1130 2054 1230 2091 dena
1254 2053 1364 2091 Voss?
1402 2062 1632 2103 temptatum

241 2123 299 2155 est
328 2125 383 2155 ter
409 2117 507 2155 dena
533 2118 603 2154 duo
630 2118 763 2154 codices
783 2131 806 2154 α
826 2116 992 2166 Bollzgrzb
1012 2119 1146 2164 collalz',
1178 2119 1260 2156 J'rb.
1283 2122 1371 2167 667,
1394 2121 1470 2156 668
1511 2128 1632 2168 temp-

241 2189 361 2221 tatum
397 2189 453 2220 est
486 2182 588 2219 dona
630 2182 825 2220 Palicanus
861 2185 964 2229 5160
997 2184 1156 2221 renutrit
1198 2183 1387 2222 Vrbz'nales
1416 2184 1519 2221 ambo
1553 2187 1629 2231 615

240 2247 379 2285 (lecum
405 2246 518 2284 Voss?
537 2251 570 2284 el
592 2247 782 2285 Vrbt'nales
802 2249 936 2285 omissa
957 2249 1098 2296 reliqua
1111 2253 1221 2297 parte
1240 2262 1371 2286 uersus
1386 2250 1524 2299 aplicat
1543 2249 1577 2287 C
1578 2263 1631 2286 us.

241 2313 358 2351 auctis
387 2313 418 2352 b.
475 2314 551 2349 616
583 2312 745 2350 Interius
773 2325 934 2362 puerum
966 2312 1077 2350 Voss.2
1106 2315 1251 2351 omissis
1278 2327 1371 2363 quae
1397 2319 1568 2352 secuntur
1591 2317 1631 2352 in

241 2391 351 2415 uersu
371 2379 428 2415 bis
449 2389 591 2426 sexque
615 2377 702 2415 Cus.
723 2383 757 2414 el
765 2379 933 2426 plerique
952 2378 1113 2415 Inferius
1132 2379 1183 2416 ed.
1203 2378 1475 2416 Bom'ncontrzr.

297 2443 494 2481 Inmatura
524 2443 694 2480 Vossianz'
710 2443 860 2479 trahant
887 2442 997 2480 Voss.2
1019 2443 1167 2482 trahent
1195 2443 1303 2481 Voss.1
1327 2444 1446 2482 trahet
1471 2444 1559 2483 Cus.
1575 2446 1595 2482 b
1611 2459 1631 2482 ο

241 2520 400 2557 corpore
432 2508 541 2545 Voss.2
561 2508 673 2545 morti
697 2507 783 2545 Cus.
815 2507 984 2545 Veniam·
999 2508 1019 2545 b
1035 2521 1064 2546 ο.
