1786 2878
769 138 833 168 m
1437 136 1487 179 97

154 243 226 282 ΙΙΙ.
249 256 323 290 402
347 243 399 281 sic
419 249 549 280 extant
570 243 608 278 in
630 240 783 279 Gembl.
805 248 840 278 et
861 242 951 279 Cus.

262 309 313 346 Vt
341 315 526 358 quantum
556 320 632 345 una
660 307 753 345 ferat
782 314 929 344 tantum
959 307 1143 344 tribuatur
1171 306 1220 343 ad
1248 312 1354 344 ortus

262 374 468 423 Temporis
496 373 658 411 aduerso
687 374 886 410 nascentia
915 372 1053 422 sydera
1082 378 1202 409 tauro.

156 452 229 487 402
252 452 349 477 urna
367 440 537 488 Regz'om.
580 445 704 476 ortum
725 438 756 474 b.
800 450 876 485 403
898 437 997 486 Ipsis
1009 444 1083 486 pro
1104 437 1312 487 Temporis
1341 436 1362 473 b
1403 448 1490 473 nas-

99 506 198 543 centi
219 506 341 543 sidere
361 506 565 542 Brez'lerus.

156 569 255 607 Mire
275 570 334 607 hie
361 570 581 619 conspirant
600 569 638 606 in
658 580 820 618 prauum
841 568 1016 606 codices:
1047 567 1150 606 solus
1179 568 1199 604 b
1230 567 1336 605 cuius
1366 567 1491 604 tenuis

100 642 158 673 est
187 636 392 673 auctoritas
416 635 549 680 uariat,
571 634 638 672 sed
667 641 708 671 ut
737 633 830 670 nihil
858 633 1000 671 adferat
1027 633 1131 671 lucri.
1189 633 1265 670 Sed
1291 645 1362 682 pro
1387 638 1492 670 certo

101 701 238 746 habeo,
273 701 514 738 retinendum
543 712 626 737 esse
661 704 780 745 laura,
810 699 1027 736 eiciendum
1055 699 1165 735 lauri
1188 699 1292 748 quod
1323 698 1493 747 Scaliger

100 766 257 805 inuexit.
327 765 444 812 Quod
478 765 643 803 Huetius
671 777 799 802 auerso
832 764 1027 814 praecepit
1061 764 1302 802 scribendum
1330 776 1425 808 esse,
1455 763 1493 800 id

99 837 325 882 receperunt
352 831 530 868 uniuersi.
585 830 762 880 Denique
786 832 972 866 nascentia
997 831 1128 878 {ydem
1154 842 1234 867 non
1259 842 1306 867 ex
1335 830 1498 866 nascenlz'

99 898 217 934 sidere
249 904 384 942 ortum,
415 895 483 933 sed
515 908 564 934 ex
595 896 761 932 nascenti
787 896 840 932 ad
865 896 986 932 sidera
1018 895 1209 933 existimo.
1279 894 1422 932 Sensus
1451 907 1494 932 es

101 967 242 1000 tantum
257 963 426 1011 temporis
438 961 627 999 tribuatur
642 962 694 998 ad
704 966 807 998 ortus
831 960 871 998 T
863 974 956 998 auro
971 962 1136 998 nascenti
1147 962 1200 997 ad
1215 961 1338 998 sidera
1354 973 1494 998 auerso.

102 1029 255 1066 Taurus
274 1028 442 1066 nascitur
462 1027 512 1065 ad
531 1027 657 1064 sidera
676 1039 843 1073 auersus,
858 1027 941 1065 siue
960 1038 1119 1065 auersus
1139 1026 1244 1064 uenit
1263 1026 1439 1064 exoriens
1455 1026 1495 1063 in

102 1106 170 1131 sua
191 1093 325 1132 sidera.

158 1159 231 1197 ΙΙΙ.
254 1171 330 1205 410

265 1224 361 1262 Inde
389 1224 471 1274 pari
498 1223 609 1274 uirgo
639 1223 823 1273 procedat
853 1224 1036 1273 temporis
1065 1230 1153 1260 actu

103 1295 186 1328 actu
207 1290 359 1329 Gembl.
378 1296 416 1327 et
435 1290 555 1327 nostri
574 1302 722 1327 omnes.
774 1294 884 1326 auctu
904 1289 963 1326 ed.
986 1289 1167 1338 Regiom.
1212 1289 1301 1327 Hoc
1324 1288 1496 1338 Scaliger

104 1356 258 1406 recepit,
290 1355 392 1404 ‘pari
421 1353 603 1392 excessu’
629 1355 895 1404 interpretans,
917 1354 984 1392 sed
1012 1354 1093 1391 iure
1123 1354 1290 1392 Huetius
1319 1354 1496 1392 codicum

104 1422 309 1459 lectionem
343 1427 466 1459 tuetur
499 1420 678 1471 quamuis
712 1419 1009 1469 significationes
1042 1419 1107 1456 uix
1138 1419 1229 1457 satis
1263 1419 1496 1457 disereuerit.

105 1487 209 1524 Nam
241 1486 271 1523 Ι.
306 1495 382 1534 573
416 1491 597 1524 extremos
631 1486 799 1534 designat
817 1486 1002 1535 fi‘ruidus
1034 1490 1138 1522 actus
1176 1484 1223 1522 de
1257 1497 1371 1522 cursu
1405 1485 1497 1522 solis

104 1553 249 1590 dictum
269 1558 337 1598 est,
359 1551 410 1588 II.
429 1563 503 1598 140
516 1550 596 1588 lVec
611 1557 678 1600 per
697 1552 766 1588 iter
781 1552 894 1587 socios
913 1564 1096 1587 commune
1109 1550 1317 1598 gerentibus
1331 1555 1434 1587 actus
1449 1550 1497 1587 de

105 1618 241 1655 semita
269 1629 337 1667 per
371 1628 489 1666 quam
523 1623 660 1666 poetae
695 1628 827 1653 currus
862 1628 951 1653 suos
985 1621 1114 1664 agunt.
1174 1615 1251 1653 Sed
1285 1616 1497 1653 simillimus

105 1690 238 1720 nostro
258 1689 314 1720 est
332 1694 467 1720 uersus
487 1682 535 1719 ab
552 1682 698 1719 Huetio
719 1681 852 1718 allatus
870 1681 942 1718 ΙΠ.
958 1682 1033 1727 482
1055 1681 1254 1730 similisque
1273 1682 1369 1718 redit
1386 1694 1498 1730 quam

104 1752 274 1786 creuerat
304 1751 398 1785 actu.
456 1746 632 1785 Refertur
666 1747 727 1785 hic
761 1759 896 1784 sensus
930 1746 978 1784 ad
1012 1758 1196 1784 numeros
1229 1753 1266 1784 et
1300 1747 1498 1784 interualla

105 1825 366 1859 numerorum,
382 1813 437 1850 uti
453 1813 717 1851 demonstrant
730 1825 775 1850 ea
790 1825 890 1862 quae
907 1811 1184 1861 Nettleshipius
1200 1812 1333 1850 adtulit
1349 1812 1497 1850 Conlrz'-

105 1880 246 1917 butz'ons
271 1883 305 1915 lo
331 1878 447 1915 Latin
470 1878 761 1927 Lexz'cograplgy
781 1884 817 1926 p.
847 1890 908 1926 31,
933 1879 999 1914 ubi
1028 1877 1121 1914 haec
1151 1877 1241 1915 dicit
1271 1881 1315 1915 ‘a
1344 1877 1499 1915 definite

106 1957 222 1993 space
250 1945 423 1982 between
444 1950 518 1981 two
544 1943 656 1992 given
683 1943 822 1992 points,
844 1943 888 1981 of
912 1943 1103 1988 numbers,
1126 1955 1167 1979 as
1194 1943 1293 1980 from
1317 1956 1332 1980 1
1358 1950 1397 1980 to
1426 1955 1499 1991 90:

106 2010 229 2047 Varro
246 2009 289 2046 L.
305 2008 348 2046 L.
365 2022 399 2058 9.
415 2010 463 2045 86
485 2010 648 2046 omnibus
667 2006 861 2059 (numeris)
881 2013 933 2045 est
949 2021 1024 2045 una
1043 2010 1246 2046 noztenarz'a
1266 2009 1407 2057 regula,
1428 2009 1498 2045 duo

106 2081 218 2121 actus,
240 2079 312 2112 tres
329 2075 478 2123 gradus
491 2087 510 2118 ‚·
541 2074 585 2111 of
607 2074 828 2123 aqueducts‚
845 2074 990 2111 Vitruv.
1013 2076 1047 2110 8.
1071 2083 1103 2122 7.
1127 2087 1147 2121 3
1161 2076 1333 2123 puteique
1352 2076 1404 2111 ila
1423 2075 1501 2110 sint

89 2142 202 2190 facti
209 2141 267 2177 uli
276 2141 372 2177 inter
383 2140 485 2177 binos
499 2141 578 2177 sint
590 2145 693 2176 aclas
707 2153 724 2183 ‚·
747 2140 796 2177 ib.
814 2148 833 2188 7
848 2141 943 2176 inter
958 2144 1060 2176 actus
1075 2140 1242 2176 ducentos
1262 2168 1270 2176 .
1293 2168 1300 2176 .
1323 2168 1330 2177 .
1351 2139 1498 2176 castella

106 2204 310 2243 conlocari?
368 2205 590 2243 Clarissima
629 2212 716 2243 sunt
754 2217 852 2254 quae
882 2204 1006 2242 Varro
1045 2204 1067 2241 l.
1097 2217 1130 2242 c.
1166 2204 1256 2242 dicit
1295 2206 1343 2252 87
1379 2204 1498 2240 Actus

103 2273 248 2320 primus
286 2275 339 2308 est
369 2271 414 2308 ab
445 2284 516 2308 uno
543 2271 596 2307 ad
625 2274 817 2319 nongenta,
847 2270 1024 2307 secundus
1053 2282 1076 2306 a
1107 2270 1203 2307 mille
1235 2270 1289 2306 ad
1316 2273 1497 2317 nongenla

107 2337 212 2373 milia
227 2350 241 2374 .·
271 2343 309 2374 et
328 2349 419 2375 mox
437 2337 586 2385 gradus
609 2336 818 2384 singularis
844 2340 896 2372 est
920 2336 959 2372 in
985 2340 1136 2384 ulroque
1163 2339 1247 2372 actu
1275 2335 1320 2372 ab
1349 2347 1419 2370 uno
1448 2333 1502 2369 ad

108 2415 243 2438 nouem.
301 2401 387 2440 Nec
416 2402 580 2439 multum
610 2402 724 2438 distat
753 2400 982 2450 significatio
1011 2401 1049 2437 in
1080 2400 1212 2438 Germ.
1239 2400 1388 2436 Arateis
1420 2408 1493 2446 352

108 2469 222 2504 lalerz'
254 2481 326 2504 non
359 2469 517 2516 amplior
554 2471 657 2504 actus
700 2465 819 2512 Quam
858 2468 983 2515 surgit
1019 2467 1139 2504 malus
1172 2466 1237 2503 ubi
1277 2477 1495 2503 mensuram

110 2532 300 2581 signifieat
320 2533 382 2571 uel
402 2532 694 2582 longitudinem.

793 2611 817 2635 H
