1786 2878
219 146 275 197 64
635 153 830 186 NOCTES
858 153 932 185 MA
938 154 1189 185 ΛἸΠΑΛἈΕ

218 252 295 297 814
326 262 463 287 rursus
484 249 590 286 habet
608 249 754 286 Afferat
773 257 809 286 et
830 248 923 286 deus
944 249 1083 294 omnis,
1106 249 1186 285 dein
1211 251 1300 296 815.
1360 250 1436 295 815
1459 248 1616 286 Asserat

229 314 343 353 Voss.2
371 315 518 352 Afferat
539 328 558 352 0
573 315 593 352 b
613 315 760 352 Asserit
790 314 901 352 Voss.¹
959 322 1065 364 reget
1095 314 1183 352 Cus.
1214 314 1388 352 Vossiani
1404 320 1537 364 regnet
1557 327 1576 350 ο
1596 314 1616 351 b

200 382 304 431 fort.
326 381 438 430 leget.

272 447 423 484 Locum
450 446 675 496 plerumque
703 446 756 483 sic
783 445 966 483 exhibent
989 454 1029 484 ut
1054 448 1091 484 in
1121 448 1196 492 814
1218 446 1322 482 decus
1346 458 1456 491 omne,
1477 445 1515 482 in
1537 447 1615 492 815

218 516 346 562 regnet
363 512 488 549 edant.
539 511 638 548 Illud
654 523 676 548 a
693 510 857 549 Molinio
874 512 1042 549 creditur
1056 512 1215 556 uenisse,
1234 516 1359 560 regnet
1372 511 1447 547 iam
1464 511 1617 548 codices

217 578 338 615 nostri
358 578 378 614 b
398 591 417 614 0
437 577 590 614 habent.
650 576 728 613 Sed
753 583 905 626 poterat
932 582 1034 626 reget
1057 590 1104 614 ex
1131 578 1222 626 leget
1245 577 1372 626 potius
1400 575 1616 625 deprauari,

217 642 444 692 metaphora
460 642 574 680 ducta
595 642 644 679 ab
660 642 716 679 eis
731 643 796 692 qui
811 649 1042 680 testamento
1059 642 1201 692 aliquid
1223 642 1395 691 legantes
1416 642 1616 691 proprium

216 709 329 746 huius
349 720 462 746 usum
483 708 668 757 legatario
689 708 861 745 tribuunt
883 712 891 727 ‘
906 721 996 758 may
1015 709 1088 745 will
1109 708 1185 746 and
1206 707 1422 758 bequeath.'

272 775 323 812 II.
346 776 434 820 824,
458 784 480 822 5

381 839 513 886 Quam
541 846 622 877 rata
651 839 727 877 sint
755 839 868 877 fossis
897 846 1086 877 scrutatur
1114 846 1205 877 uota
1233 839 1398 876 metallis

379 906 508 955 Atque
539 919 585 944 ex
616 905 770 943 occulto
799 912 987 955 quantum
1019 906 1242 954 contingere
1272 906 1404 954 possit.

274 978 335 1016 Sic
356 978 520 1015 Iacobus
545 976 673 1014 edidit.
733 976 808 1014 Sed
822 977 945 1026 possis
963 984 1000 1014 et
1020 977 1058 1013 in
1080 976 1234 1014 Gembl.
1255 983 1292 1013 et
1313 977 1352 1012 in
1374 975 1465 1014 Cus.
1483 982 1519 1012 et
1538 975 1577 1012 in
1599 988 1618 1012 o

216 1045 395 1082 traditum
416 1050 485 1080 est.
534 1043 625 1080 Hoc
646 1041 831 1091 praefero.
872 1042 920 1079 V.
942 1055 957 1078 1
971 1055 985 1078 1
1010 1041 1206 1079 Summum
1230 1043 1445 1090 contigerint
1465 1054 1534 1078 sua
1548 1050 1617 1090 per

200 1111 372 1161 fasllgz'cz
393 1110 543 1152 culmen,
565 1108 638 1145 III.
662 1110 736 1144 108
758 1112 792 1144 el
807 1114 908 1155 saepe
925 1109 1090 1145 cadentia
1107 1108 1270 1156 frustra
1295 1107 1426 1157 Officia
1446 1111 1480 1144 et
1496 1107 1617 1143 cultus

216 1177 433 1224 contingant
442 1175 615 1223 praemia
628 1177 768 1222 quanta
790 1172 935 1218 Edocet‚
952 1173 1025 1211 ΙΙΙ.
1042 1184 1118 1220 445
1140 1175 1244 1209 niuei
1255 1173 1339 1209 dum
1357 1174 1493 1209 uellera
1513 1174 1614 1221 signe

219 1241 452 1289 Contingunt
469 1239 650 1290 (menses).
681 1236 817 1291 [Nunc
837 1239 953 1276 uideo
973 1239 1076 1276 idem
1097 1239 1328 1277 intellexisse
1350 1236 1596 1290 Breiterum.]

272 1307 322 1344 ΙΙ.
346 1309 501 1355 829-31
526 1306 579 1342 sic
600 1311 731 1342 extant
751 1304 789 1341 in
812 1304 964 1342 Gembl.

381 1377 489 1414 Hinc
518 1376 616 1413 inter
645 1375 783 1413 Graias
813 1375 1056 1425 horoscopus
1087 1376 1211 1413 editur
1238 1377 1355 1414 urbes

380 1442 464 1480 Nec
493 1442 597 1491 capit
625 1448 828 1479 externum
857 1442 1012 1491 proprio
1042 1442 1133 1491 quia
1162 1442 1319 1480 nomine
1349 1442 1491 1491 gaudet

381 1508 459 1546 Hic
489 1514 594 1545 tenet
623 1507 820 1545 arbitrium
848 1507 951 1545 uitae
980 1507 1042 1545 hic
1073 1508 1207 1557 regula
1236 1520 1390 1545 morum
1420 1515 1489 1545 est.

273 1622 350 1667 829
383 1617 487 1655 Hinc
499 1618 665 1667 plerique
681 1617 758 1654 Hic
783 1615 897 1654 Voss?
909 1583 1150 1667 horoscupiis
1164 1617 1194 1667 (?
1208 1583 1295 1668 pos)
1304 1630 1334 1655 0.
1367 1619 1444 1666 830
1460 1617 1617 1655 numine

221 1684 309 1722 Cus.
341 1682 450 1720 Voss}
489 1683 647 1720 minime
685 1682 799 1720 Voss.2
838 1683 1074 1733 proprioque
1113 1683 1243 1720 uiuere
1281 1695 1310 1720 0.
1381 1684 1454 1731 831
1499 1683 1617 1720 Hunc

228 1750 402 1787 Vossz'am'
421 1749 521 1786 uitae
550 1748 610 1785 hic
638 1749 775 1784 codices
797 1753 948 1796 praeler
973 1762 992 1785 0
1019 1755 1133 1798 atque
1160 1748 1222 1786 hic
1247 1761 1266 1785 0
1292 1761 1379 1785 num
1409 1747 1470 1785 hic
1497 1749 1561 1785 et?

272 1821 421 1858 Verum
452 1819 491 1856 in
518 1819 592 1856 hoc
620 1819 708 1856 loco
733 1819 900 1856 seruauit
930 1818 1044 1856 Is'oss.2
1063 1820 1102 1856 in
1123 1831 1201 1868 quo
1221 1826 1277 1856 est
1297 1819 1377 1856 Hic
1396 1831 1477 1856 non
1498 1819 1616 1856 Hinc.

217 1885 338 1923 vitiat
358 1885 565 1922 decursum
595 1896 775 1921 uersuum
797 1884 912 1921 inlata
933 1897 954 1922 a
976 1885 1123 1922 Iacobo
1153 1884 1391 1934 parenthesis
1413 1886 1502 1933 829,
1526 1886 1616 1932 830,

217 1959 254 1988 et
275 1959 404 2000 aperte
425 1951 521 1986 inter
542 1961 582 1987 se
604 1949 840 1998 respondent
861 1949 940 1986 Hic
962 1952 1039 1998 829
1061 1950 1141 1986 Hic
1162 1952 1251 1997 831.
1308 1950 1354 1987 In
1371 1962 1407 1986 u.
1423 1952 1501 1998 830
1521 1950 1616 1986 mire

218 2017 408 2065 discrepat
427 2029 446 2052 0
472 2027 494 2052 a
523 2015 688 2064 reliquis.
747 2014 899 2061 Quibus
929 2022 970 2052 ut
999 2015 1294 2064 obsequendum
1323 2022 1430 2065 puto,
1457 2015 1507 2052 ita
1536 2027 1616 2053 non

218 2083 389 2131 ineptam
410 2080 732 2130 significationem
753 2080 869 2117 habet
892 2080 930 2118 id
952 2081 1056 2130 quod
1077 2081 1234 2118 traditur
1255 2081 1293 2118 in
1315 2094 1344 2119 0.
1393 2080 1498 2118 Nam
1518 2081 1548 2118 si
1567 2093 1615 2117 ex

219 2148 294 2185 hoc
324 2146 468 2184 scribas
491 2146 646 2194 proprio
676 2147 764 2194 quia
796 2147 920 2182 uiuere
945 2147 1087 2194 gaudet
1113 2146 1252 2184 euadet
1281 2146 1377 2184 haec
1406 2146 1614 2184 sententia:

219 2213 350 2251 tertius
380 2211 497 2249 cardo
529 2211 609 2248 siue
638 2219 794 2249 exortus
824 2212 863 2248 in
893 2211 1059 2249 Graecia
1090 2224 1233 2250 nomen
1260 2211 1375 2249 habet
1405 2213 1614 2259 ὡροσκόπον,

218 2291 289 2316 nee
330 2276 495 2315 admittit
534 2276 572 2312 in
612 2277 833 2314 societatem
873 2277 1109 2327 alienigenas
1141 2275 1191 2328 (h.
1206 2290 1237 2315 e.
1275 2276 1493 2327 Romanos)
1526 2279 1616 2326 quia

219 2343 360 2394 gaudet
387 2342 434 2379 de
463 2353 533 2378 suo
562 2342 704 2386 uiuere,
725 2341 800 2379 h.e.
824 2341 977 2380 Graeco
1007 2355 1115 2380 more
1139 2350 1176 2380 et
1206 2354 1384 2380 sermone
1412 2349 1615 2380 contentus

219 2417 286 2448 est.
330 2408 465 2456 Itaque
486 2411 679 2444 externum
701 2407 769 2444 erit
789 2408 1056 2454 masculinum,
1073 2410 1227 2457 proprio
1248 2410 1369 2444 uiuere
1388 2408 1488 2445 idem
1509 2408 1615 2457 quod

220 2475 266 2513 de
288 2473 444 2524 proprio
476 2473 604 2509 uiuere
634 2472 671 2508 in
704 2472 983 2521 epigrammate
1010 2473 1115 2522 quod
1142 2473 1234 2510 olim
1257 2472 1335 2522 (xii.
1359 2474 1426 2522 78)
1448 2472 1614 2510 Martiali

219 2540 465 2588 adscriptum,
482 2549 584 2574 nunc
604 2537 737 2574 incerti
754 2537 924 2574 habetur.
964 2538 1024 2576 Sic
1043 2539 1084 2574 de
1102 2551 1166 2575 suo
1187 2539 1320 2574 uiuere.
1359 2537 1407 2575 Et
1428 2539 1466 2574 in
1487 2539 1614 2588 primo
