1786 2878
221 140 301 178 144
644 136 840 168 NOCTES
868 136 1087 168 MANJLJA
1094 137 1200 168 :VAE

217 244 262 282 C.
282 245 327 281 iv.
350 257 383 290 4.
407 245 468 292 38,
479 244 623 295 flumen
642 243 816 281 Rhenum
839 244 886 282 A.
906 244 948 282 Ρ.
975 248 1033 290 18,
1056 244 1316 295 Propertianis
1346 243 1469 282 Baiae
1497 257 1612 294 aquae

217 310 239 346 i.
275 323 288 346 1
302 321 332 346 1.
365 321 426 357 30,
460 309 618 346 Luceres
651 308 784 347 Solam·
813 310 859 347 iv.
894 322 925 347 1.
956 322 1001 358 31
1035 310 1108 360 (sic
1142 310 1246 347 enim
1284 310 1321 347 in
1352 309 1613 360 Neapolitano

217 375 397 413 traditum
417 374 503 425 est).

274 450 362 488 723,
387 453 408 487 4
430 440 621 489 Aethiopes
642 441 832 477 maculant
847 440 970 478 urbem
992 440 1162 479 Romam
1183 440 1313 479 colore
1339 452 1410 478 suo
1437 440 1611 478 inficiunt

216 506 435 554 tenebrisque
443 505 629 554 figurant
645 505 832 556 Perfusos
851 506 1037 543 homimem
1053 511 1176 556 gentes
1197 506 1404 555 imaginem
1425 507 1613 555 praebent

217 571 448 621 populorum
481 570 676 620 nigrorem
714 571 820 608 omni
859 583 1022 621 corpore
1061 571 1379 621 praeferentium:
1422 577 1460 608 at
1493 570 1610 607 India

211 640 438 686 progenerat
461 637 584 673 minus
609 637 697 673 tosti
719 635 790 685 (sic
819 637 921 674 enim
950 636 1100 686 corrigo
1123 635 1248 689 tostis)⁸
1270 636 1397 673 minus
1427 636 1535 686 quod
1566 636 1611 672 sit

217 701 340 739 adusti
365 701 518 747 coloris,
539 713 629 739 cum
650 701 736 738 Indi
757 713 836 740 non
856 713 1014 752 prorsus
1040 701 1148 748 fusci,
1171 701 1238 740 sed
1265 701 1450 752 pallorem
1477 713 1610 752 quem-

217 766 308 805 dam
327 778 416 804 cum
436 767 591 816 nigrore
611 778 683 805 suo
702 767 954 805 coniunctum
975 767 1155 805 habeant.

272 832 474 870 Hactenus
493 831 594 870 clara
614 839 701 870 sunt
723 832 855 870 omnia
872 845 882 870 z
911 832 980 870 sed
999 833 1038 869 in
1061 834 1137 881 726
1159 831 1251 883 quid
1271 839 1327 870 est
1338 831 1528 882 propior?
1566 830 1613 869 Id

216 897 371 947 negauit
391 897 585 936 Bentleius
613 904 712 935 stare
734 910 860 947 posse,
882 909 1030 947 proque
1051 909 1099 936 eo
1123 898 1324 948 supposuit
1344 897 1430 934 Iam
1453 898 1612 947 proprio

215 964 320 1000 tellus
329 963 497 1012 gaudens
512 963 700 1013 Aegyptia
715 962 819 1001 Nilo.
869 963 969 1001 Sane
981 964 1162 1013 proprior
1174 970 1229 1001 est
1244 963 1283 1000 in
1300 962 1502 1001 Vossianis
1523 968 1559 1000 et
1579 975 1611 1008 0,

215 1029 283 1067 sed
299 1029 372 1067 hoc
387 1029 520 1067 uitium
535 1029 648 1067 toties
661 1029 815 1067 codices
831 1029 1047 1079 occupauit,
1061 1037 1102 1067 ut
1117 1030 1156 1067 in
1172 1041 1249 1079 qua
1269 1028 1436 1067 uiuimus
1456 1027 1611 1078 palaeo-

217 1094 398 1144 graphiae
419 1094 501 1132 luce
521 1094 676 1132 ulterius
696 1094 735 1132 in
755 1107 803 1132 eo
823 1095 966 1133 morari
986 1094 1126 1132 nolim:
1156 1094 1254 1132 adeo
1273 1101 1365 1132 nota
1379 1105 1440 1131 res
1455 1100 1511 1132 est
1527 1105 1610 1131 om-

217 1161 330 1198 nibus
349 1160 415 1210 qui
435 1159 590 1198 codices
614 1159 730 1197 MSS.
750 1159 864 1198 hodie
885 1167 1022 1206 terunt,
1044 1160 1266 1209 saepissime
1284 1160 1443 1208 propior
1453 1161 1612 1209 propius

211 1226 391 1276 propiora
411 1225 451 1262 in
462 1226 644 1275 proprior
655 1226 839 1274 proprius
850 1226 1056 1275 propriora
1076 1225 1224 1263 abiisse.
1263 1224 1450 1262 Stoebero
1466 1224 1610 1262 credita

217 1298 272 1329 est
283 1292 444 1340 propior
464 1290 575 1328 India
595 1290 669 1328 dici
689 1291 778 1340 quia
798 1291 958 1341 propius
979 1290 1176 1328 accederet
1197 1302 1275 1328 non
1296 1290 1368 1327 situ
1389 1289 1458 1328 sed
1479 1289 1610 1327 colore

216 1356 441 1402 hominum;
470 1356 539 1394 sed
565 1356 782 1394 necessario
812 1356 861 1393 ad
890 1356 1093 1405 reg-ionum
1122 1356 1235 1393 situm
1266 1354 1436 1393 refertur.
1493 1354 1611 1392 Poeta

216 1421 382 1472 populos
410 1427 618 1471 postquam
649 1420 724 1459 hoc
756 1421 943 1459 recensuit
976 1420 1110 1458 ordine
1141 1420 1356 1467 Romanos,
1389 1419 1608 1466 Graeciam,

217 1487 377 1537 Syriam,
397 1486 619 1537 Aethiopas,
641 1486 804 1532 Indiam,
833 1487 929 1524 redit
956 1485 1004 1524 ad
1026 1486 1249 1536 Aeg3ptum
1276 1486 1352 1524 iam
1381 1485 1608 1536 propiorem

215 1552 520 1590 occidentalibus
549 1551 667 1597 terriS,
698 1552 903 1602 praecipue
931 1551 1074 1597 Italiae,
1099 1551 1162 1589 ubi
1190 1551 1273 1601 ipse
1303 1563 1459 1589 carmen
1489 1551 1608 1600 scrip-

215 1618 308 1656 sisse
337 1618 506 1656 uidetur:
544 1617 622 1656 iure
651 1617 764 1668 igitur
799 1618 848 1655 ab
876 1617 1131 1667 Aethiopibus
1162 1623 1200 1655 et
1229 1616 1347 1662 Indis,
1379 1628 1459 1666 quo
1489 1628 1606 1654 excu-

215 1691 397 1728 currerat,
421 1683 471 1721 ad
490 1683 711 1733 Aegyptum
732 1689 769 1720 et
790 1682 922 1720 Nilum
944 1683 1084 1720 relatus
1104 1681 1198 1720 haec
1210 1683 1394 1731 propiora
1410 1681 1510 1720 dicit.
1558 1681 1609 1719 Et

215 1750 301 1800 quis
327 1749 457 1787 credat
483 1749 651 1798 tellusque
683 1753 830 1794 natans,
854 1760 931 1799 qua
957 1747 1148 1786 locutione
1179 1747 1269 1785 nihil
1299 1747 1424 1796 magis
1453 1747 1608 1796 proprie

215 1814 398 1852 Manilius
427 1813 575 1852 locutus
609 1820 665 1851 est
694 1812 759 1862 (cf,
795 1823 869 1862 752
911 1814 1015 1850 tellus
1048 1813 1213 1862 Aegypti
1236 1813 1338 1850 iussa
1367 1812 1529 1862 natare),
1559 1824 1607 1850 ex

215 1880 441 1918 Bentleiano
461 1880 564 1916 tellus
577 1879 746 1927 gaudens
766 1887 892 1916 ortum
913 1879 1025 1915 esse?

270 1945 396 1983 Multo
422 1944 503 1982 ueri
530 1944 686 1981 similior
714 1952 770 1982 est
801 1944 973 1981 eiusdem
1003 1943 1226 1981 emendatio
1246 1942 1416 1980 Phoebus
1445 1943 1483 1980 in
1517 1946 1605 1991 728.

214 2011 353 2060 Neque
374 2017 503 2047 tamen
523 2009 612 2046 satis
632 2009 742 2047 facit:
773 2010 918 2059 optime
945 2009 1049 2047 enim
1069 2017 1105 2046 et
1125 2008 1231 2058 quod
1251 2020 1397 2045 nouum
1418 2008 1604 2057 populum

214 2076 358 2114 inducit
381 2083 417 2113 et
441 2074 546 2124 quod
577 2075 614 2111 in
644 2075 834 2124 principio
862 2081 934 2112 stat
963 2085 1095 2111 uersus
1115 2074 1267 2110 Poenus
1289 2072 1469 2122 (Poenus)
1491 2073 1606 2110 tradi-

214 2149 296 2178 tum
317 2148 384 2179 est.
434 2139 561 2178 Credo
581 2147 804 2189 corruptum
825 2152 908 2178 esse
924 2141 1047 2185 terris,
1063 2151 1151 2177 cum
1167 2139 1289 2176 codex
1306 2138 1403 2176 Coll.
1421 2138 1606 2187 Corporis

215 2207 355 2245 Christi
371 2219 557 2250 arenosus,
574 2217 653 2242 non
669 2207 833 2242 arenosis
853 2205 1000 2243 habeat.
1044 2205 1128 2242 Iam
1145 2216 1180 2241 u.
1198 2218 1219 2250 4
1230 2216 1274 2251 19
1291 2205 1404 2240 terris
1422 2203 1603 2240 uitiosum

214 2269 394 2307 codicum
427 2267 618 2304 Breiterus
657 2275 694 2304 et
728 2267 922 2317 Hauptius
960 2268 998 2304 in
1038 2273 1155 2303 torres
1193 2274 1460 2311 correxerunt;
1502 2266 1602 2302 idem

214 2347 320 2372 error
341 2342 377 2372 et
397 2333 457 2370 hic
479 2332 646 2382 inrepsit.
703 2333 839 2382 Itaque
859 2332 1105 2371 scribendum
1125 2338 1183 2370 est

376 2399 530 2436 Poenus
559 2397 767 2435 harenosos
796 2398 976 2435 Afrorum
1006 2397 1161 2447 puluere
1190 2397 1305 2433 torris

376 2464 557 2501 Exsiccat
586 2463 764 2512 populos.

272 2529 347 2566 Ilic-
370 2529 473 2579 quod
495 2530 608 2565 torris
635 2529 775 2578 scripsi,
801 2541 878 2567 non
902 2534 1026 2575 torres,
1048 2528 1187 2567 ueritus
1218 2539 1303 2566 sum
1335 2527 1453 2564 uideri
1477 2515 1600 2562 Lach-
