1786 2878
855 116 887 147 V
1481 121 1560 162 199

222 222 270 262 V,
295 226 369 272 487
393 235 476 272 sqq.
498 222 552 260 sic
573 228 702 259 extant
723 220 761 259 in
782 221 933 259 Gembl.

332 288 447 326 Nune
479 287 628 338 aquilae
659 287 762 324 sidus
792 287 953 325 referam
985 299 1082 336 quae
1111 293 1217 337 parte
1249 287 1398 325 sinistra

332 353 526 392 Portantis
554 353 702 390 iuuenis
731 365 831 402 quae
862 353 968 390 terris
998 353 1145 390 sustulit
1174 353 1258 402 ipsa

331 419 467 457 Fertur
493 425 530 457 et
559 419 725 457 externis
754 419 939 468 praedam
969 416 1222 456 circumuolat
1251 422 1271 463 l
1301 418 1372 456 alis

226 498 302 533 490
333 484 511 522 Fulmina
539 485 658 522 missa
685 484 798 522 refert
826 491 864 522 et
893 485 1000 522 eaelo
1030 484 1165 522 militat
1195 484 1275 521 alis.

1446 548 1461 569 1.

223 583 289 621 Hz'
303 595 434 621 uersus
452 582 589 620 absunt
604 595 627 619 α
658 580 771 619 Voss?
829 584 903 628 488
928 581 1110 619 Rorantis
1137 580 1248 620 ΠΜ]
1270 582 1357 620 Cas.
1380 581 1563 629 Rotantis

168 649 277 698 Lz'pS.
337 660 452 698 quem
492 647 602 684 Ibss}
637 647 725 685 Cus.
758 648 918 693 sustulit,
954 648 1036 696 ipsa
1074 647 1276 685 Molmms.
1347 651 1422 696 489
1454 648 1563 686 Forl.

169 713 344 752 aeternis.
390 713 509 751 ‘Post
535 726 612 750 noc.
634 713 887 751 circumuolat
916 726 992 750 muz
1021 714 1102 758 ΜΛ,
1126 718 1168 750 ul
1195 714 1351 759 m'delur,
1373 726 1485 751 erasa
1513 719 1567 750 cst

1339 778 1400 809 alis

169 821 292 873 (fort.
315 822 645 873 scrzfflumficeral
668 820 917 859 circumuolat
943 819 1066 872 talis)'
1093 821 1133 858 T
1127 823 1314 859 homasz'us
1339 823 1449 861 astris
1473 822 1563 861 Cus.

169 889 278 926 astris
302 886 415 927 Voss.¹
427 887 588 926 extentis
608 887 676 925 alis
696 886 885 924 lllolz'm‘us
900 900 1001 936 quem
1022 888 1131 937 uulgo
1151 893 1334 926 secunlum
1385 901 1462 936 490
1482 889 1563 926 ales

167 953 369 992 Molmz‘us.

223 1019 371 1057 Vitium
391 1018 502 1057 traxit
522 1017 584 1056 hie
606 1017 771 1064 Gembl,
797 1030 888 1055 nam
917 1031 988 1056 nec
1013 1018 1214 1056 Porltmlz's
1245 1032 1317 1057 nec
1347 1033 1438 1068 quae
1458 1026 1563 1058 recte

169 1084 345 1123 tradidit:
392 1096 485 1122 uera
523 1091 612 1121 sunt
643 1083 845 1130 Roranas,
884 1097 984 1133 quem
998 1098 1011 1121 .·
1054 1085 1265 1133 Aquarium
1305 1086 1395 1122 dicit
1433 1092 1563 1136 poeta.

172 1150 257 1188 Nee
286 1162 379 1189 uero
407 1151 447 1187 in
478 1152 555 1199 489
578 1156 679 1187 recte
708 1149 889 1187 traditum
916 1158 972 1187 est
1002 1150 1039 1186 in
1060 1150 1213 1188 Gembl.
1236 1152 1404 1188 arlef-nis
1432 1152 1453 1199 s
1479 1153 1564 1197 αίίε,

171 1217 201 1254 si
221 1216 377 1266 quidem
399 1228 476 1264 490
497 1215 598 1252 idem
618 1215 848 1252 uocabulum
865 1217 938 1253 alls
959 1215 1121 1253 claudit:
1151 1216 1248 1253 adde
1270 1217 1375 1266 quod
1395 1218 1564 1254 externis

170 1283 244 1320 alis
278 1294 394 1319 sensu
427 1286 540 1327 caret,
587 1280 765 1318 hesternis
807 1281 872 1319 uix
911 1288 997 1331 apte
1036 1282 1171 1319 dieitur
1199 1282 1246 1319 de
1281 1295 1321 1319 re
1362 1294 1461 1331 quae
1501 1282 1565 1319 diu

172 1355 259 1385 ante
281 1354 367 1385 aeta
388 1346 519 1384 fuerat.
579 1345 833 1384 Scribendum
854 1354 947 1396 puto
978 1348 1137 1384 aeternis
1156 1348 1282 1393 asts-fs,
1304 1348 1378 1385 hoe
1408 1347 1565 1397 quidem

171 1426 220 1451 ex
236 1411 364 1451 Voss.1
381 1419 418 1449 et
433 1412 591 1450 Cusano
608 1425 616 1449 τ
639 1413 796 1449 aeternis
811 1413 1020 1462 opponitur
1036 1413 1199 1461 tempori
1215 1425 1291 1461 quo
1310 1413 1565 1462 Ganymeden

172 1479 300 1529 aquila
313 1491 334 1516 e
348 1486 446 1516 terra
462 1484 659 1527 rapuerat;
681 1478 749 1515 suit
769 1477 924 1523 facinus,
943 1485 1075 1515 manet
1089 1478 1264 1516 facinoris
1280 1479 1565 1516 monimentum

172 1545 211 1581 in
232 1545 352 1582 astris.
411 1543 474 1581 Sic
503 1543 550 1580 de
581 1543 740 1593 Capella
770 1541 954 1582 Manilius
983 1544 1012 1581 Ι.
1046 1546 1121 1592 369
1149 1543 1267 1580 Hanc
1294 1557 1380 1592 ergo
1410 1546 1567 1581 aclerm's

173 1611 299 1647 merito
331 1610 503 1647 sacrauit
533 1610 573 1645 z‘n
611 1611 726 1646 astris
760 1608 941 1658 Iuppz'ler.
997 1609 1048 1646 11.
1082 1612 1103 1646 8
1110 1623 1130 1658 3
1171 1609 1292 1646 Duc-ll
1327 1610 1373 1646 ab
1409 1612 1567 1646 πρίω-νηῷ

172 1680 321 1712 terrena
358 1675 542 1711 animalia
574 1675 708 1724 signis.
755 1674 973 1712 Praeiuerat
1002 1674 1144 1713 Aratus
1173 1675 1221 1712 de
1252 1674 1404 1725 Lepore
1434 1676 1566 1713 dicens

174 1743 252 1789 338
277 1743 417 1789 Λαγωὸς
437 1740 601 1787 Ἐμμενὲς
628 1743 737 1787 ἤματα
756 1742 863 1776 πάντα
892 1742 1053 1777 διώκετιιι.

228 1805 276 1843 V.
300 1814 375 1854 507

335 1871 515 1909 Artifices
544 1871 624 1908 auri
653 1871 776 1918 faciet,
806 1872 871 1922 qui
900 1871 999 1909 mille
1029 1872 1158 1921 figuris

338 1936 496 1974 Vertere
526 1949 626 1986 opus
655 1938 802 1986 possint
831 1938 1048 1986 †carnique
1078 1938 1276 1987 adquirere
1307 1938 1438 1976 dotem

337 2000 522 2039 Materiae
551 2010 588 2039 et
618 2002 789 2051 lapidum
817 2003 926 2041 uiuos
956 2003 1117 2040 miscere
1146 2003 1305 2041 colores.

175 2067 367 2106 Codicum
396 2067 622 2117 scripturam
657 2068 710 2105 sie
740 2068 990 2117 interpretor:
1035 2068 1083 2105 ad
1112 2081 1268 2106 carnem
1298 2069 1565 2106 adornandam

175 2133 389 2171 adsciscere
416 2134 592 2170 materiae
614 2131 872 2182 (gemmarum
899 2133 961 2170 uel
988 2134 1086 2185 auri)
1107 2135 1230 2180 (lolem,
1252 2134 1333 2172 h.e.
1355 2147 1470 2184 opem
1493 2147 1570 2183 qua

175 2199 299 2248 magis
319 2199 480 2248 placeat.
520 2198 643 2236 Erunt
659 2199 723 2249 qui
740 2198 958 2236 Marklandi
978 2199 1193 2248 praeferant
1212 2200 1567 2248 interpretationem

176 2266 371 2313 carnisque
405 2265 614 2310 scribentis,
649 2277 700 2301 se.
731 2265 912 2301 materiae
945 2265 1048 2302 unde
1082 2272 1229 2302 statuae
1263 2266 1360 2302 fiunt
1393 2266 1569 2302 uirtutem

176 2330 301 2367 carnis
321 2330 474 2376 addere,
495 2336 537 2367 ut
562 2342 722 2367 carneae
750 2342 795 2366 ae
823 2331 946 2374 uiuae,
970 2342 1049 2367 non
1080 2331 1228 2379 ligneae
1249 2331 1309 2367 uel
1331 2342 1569 2368 marmoreae

177 2395 389 2432 uideantur.
447 2395 552 2432 Nihil
574 2395 690 2433 habet
709 2407 787 2444 quo
815 2395 1108 2433 commendetur
1127 2396 1174 2433 de
1198 2396 1325 2444 Rooyi
1349 2397 1569 2433 coniectura

177 2462 340 2510 arlz‘sque
369 2460 564 2511 (Spicileg.
596 2474 632 2511 p.
668 2458 776 2510 107):
820 2461 955 2498 melius
989 2461 1156 2499 Iacobus
1195 2469 1232 2498 et
1270 2468 1357 2499 ante
1391 2474 1479 2498 eum
1513 2461 1568 2498 uir

180 2527 313 2565 doctus
334 2527 372 2564 in
393 2527 505 2566 Misc.
529 2527 730 2565 Obseruat.
753 2525 855 2564 Nou.
876 2527 897 2563 i.
920 2540 956 2575 p.
984 2540 997 2563 1
1013 2537 1054 2574 17
1079 2529 1254 2575 lorm'quc.
