1786 2878
742 145 788 179 ll
1407 153 1433 189 4
1437 152 1461 194 3

68 251 240 289 sinistras
258 258 385 299 uocat,
405 251 513 290 uultu
540 250 589 289 ad
617 251 884 297 meridianum,
905 263 1022 302 quem
1047 253 1200 302 respicit
1220 252 1465 302 Astrologus,

69 323 107 354 et
139 316 294 355 Zodiaci
329 317 597 367 hemicyclium
631 329 748 366 supra
787 317 1042 354 Horizontem
1077 325 1214 356 extans
1248 316 1463 356 conuerso?

68 382 212 419 Addita
230 395 292 419 ceu
311 383 496 432 particula
517 382 706 431 significat
726 394 883 420 causam
902 395 984 420 non
1004 395 1052 420 ex
1073 395 1200 420 rerum
1214 391 1350 420 natura
1366 383 1465 428 duci,

69 447 138 484 sed
176 448 266 486 artis
296 455 334 486 et
363 448 472 498 quasi
505 447 775 498 imaginariam
813 459 910 486 esse.
967 435 1102 498 Itaque
1134 455 1236 486 totus
1270 448 1380 486 locus
1411 448 1465 485 sic

69 512 208 550 euadet

124 590 127 591 ⁷
179 577 348 627 Laniger
375 591 421 616 ex
451 578 610 628 paribus
640 577 771 628 spatiis
801 577 878 615 duo
908 578 1030 628 signa,
1062 578 1208 617 Leonis

178 643 308 693 Atque
339 643 528 693 Sagittari,
560 644 712 681 diuerso
742 643 930 692 conspicit
961 651 1059 682 ortu.

179 707 350 757 Virginis
381 716 418 747 et
447 709 568 747 Tauri
599 709 840 758 Capricorno
870 717 1060 747 consonat
1089 716 1246 747 astrum.

181 772 319 811 Cetera
349 781 438 812 sunt
467 774 579 812 simili
608 774 757 812 ratione
786 773 978 823 triangula
1008 775 1130 824 signa,

181 839 256 877 Per
285 840 443 877 totidem
472 847 594 878 tortus
623 841 682 877 bis
713 846 801 877 sunt
830 852 930 889 quae
961 840 1117 878 condita
1146 840 1304 878 mundo.

183 903 260 942 Sed
289 904 494 943 discrimen
524 906 615 942 erit:
646 905 787 943 dextris
816 917 887 942 ceu
917 917 1045 952 causa,
1077 905 1228 943 sinistra

182 969 294 1016 Quae
324 971 510 1017 subeunt;
541 983 638 1020 quae
668 969 903 1020 praecedunt
933 970 1067 1008 dextra
1095 983 1180 1008 esse
1210 970 1390 1008 femntur.

181 1034 327 1072 Dexter
355 1036 426 1073 erit
455 1036 590 1074 Tauro
620 1035 892 1086 Capricornus,
914 1034 1039 1086 Virgo
1069 1036 1234 1074 sinistra.

184 1100 275 1138 Hoc
304 1101 394 1139 satis
423 1101 602 1151 exemplo
632 1109 700 1139 est.

130 1165 182 1203 ΙΙ.
206 1168 279 1215 287
303 1179 388 1217 sqq.
418 1167 472 1205 sic
492 1167 628 1205 tradita
649 1174 738 1206 sunt
757 1167 796 1204 in
817 1166 971 1205 Gembl.

755 1233 804 1270 ad
834 1244 932 1282 quae
963 1232 1085 1270 diuisa
1113 1232 1309 1282 quaternis

239 1297 414 1335 Partibus
443 1298 593 1349 aequali
623 1299 784 1336 laterum
815 1305 902 1336 sunt
931 1298 1088 1336 condita
1117 1298 1235 1336 ductu

240 1363 419 1409 Quorum
449 1365 626 1413 designat
655 1364 839 1402 normalis
868 1364 1017 1413 uirgula
1047 1363 1157 1402 sedes

135 1441 210 1477 290
241 1428 354 1467 Haec
384 1437 422 1467 ta
450 1429 578 1467 ferunt
606 1430 743 1467 libram
773 1429 1051 1479 CapricornusA
1082 1438 1119 1467 et
1148 1429 1254 1466 illum

242 1494 444 1545 Conspicit
473 1495 575 1533 hunc
604 1496 701 1534 aries
731 1502 846 1545 atque
876 1495 1002 1545 ipsum
1033 1508 1055 1532 a
1084 1495 1255 1544 partibus
1285 1495 1419 1545 aequis

242 1560 394 1598 Cancer
422 1568 459 1598 et
488 1560 589 1599 hunc
618 1561 704 1599 leua
734 1561 930 1599 subeuntis
960 1560 1084 1598 sidera
1112 1560 1231 1598 librae

243 1625 404 1675 Semper
432 1626 536 1664 enim
565 1627 707 1664 dextris
737 1634 941 1665 censentur
970 1626 1081 1675 signa
1110 1627 1250 1676 priora.

137 1693 210 1740 287
242 1692 403 1730 aduersa
427 1705 456 1730 0.
516 1705 592 1741 290
623 1694 684 1730 ‘in
709 1694 880 1741 margine
905 1693 1052 1741 szsgnum
1079 1704 1096 1728 r
1123 1693 1295 1741 apposuit
1308 1698 1374 1740 pr.
1401 1703 1478 1734 m.;

80 1759 162 1795 ilem
183 1764 331 1808 spectat
350 1759 551 1808 adscrzjmit
568 1772 665 1795 man.
681 1772 751 1796 rec.
769 1759 939 1796 indicans
958 1758 993 1795 h.
1011 1771 1045 1794 u.
1058 1758 1112 1794 ad
1122 1771 1196 1794 uoc.
1214 1757 1478 1807 Capricornus

72 1822 278 1873 perlz'nere.'
323 1823 556 1862 Womasius.
601 1825 736 1862 Hecca
755 1824 941 1870 Cusanus,
969 1823 1266 1869 Vossz'am'ambo,
1282 1836 1312 1860 ο.
1351 1822 1478 1859 ferunt

80 1889 187 1938 [ᾡς.
224 1889 395 1927 feruntur
428 1903 446 1927 0
478 1890 533 1927 fe?
570 1889 673 1936 Cus.,
709 1890 794 1928 ferit
830 1890 1010 1927 12'0ssz'cz722'.
1062 1889 1159 1926 Post
1189 1889 1325 1926 libram
1364 1885 1479 1924 Voss.2

81 1955 190 1992 habet
211 1962 330 1993 tortus
352 1960 386 1992 et
406 1957 444 1992 in
466 1968 588 2005 marg.
609 1957 837 2006 adscriptum
859 1955 1015 2002 Turtus,
1037 1955 1130 1991 unde
1150 1953 1307 1992 Iacobus
1326 1953 1480 2001 scripsit

83 2020 241 2058 Haecce
274 2020 358 2059 ferit
389 2020 559 2068 Libram,
592 2029 711 2060 tortus
741 2022 1001 2071 Capricornus
1036 2027 1073 2058 et
1106 2020 1221 2057 illam.
1283 2031 1354 2067 291
1389 2018 1478 2055 hinc

83 2085 282 2124 Bentleius.
336 2093 451 2137 atque
471 2087 574 2124 illurn
595 2100 613 2124 0
636 2088 808 2125 Vossz'anz'
859 2099 1002 2136 equum
1032 2086 1146 2124 Voss.2

140 2152 218 2190 Hic
267 2153 316 2191 de
364 2153 573 2202 tetragonis
623 2153 800 2203 loquitur,
843 2153 924 2190 siue
969 2152 1086 2201 signis
1131 2150 1336 2202 quadratis.
1404 2148 1480 2185 His

86 2218 213 2255 minor
241 2218 299 2256 uis
328 2225 384 2256 est
413 2231 531 2269 quam
560 2220 732 2268 trigonis,
762 2226 802 2256 ut
831 2219 911 2268 ipse
941 2218 1033 2255 dicit
1064 2230 1138 2266 332
1163 2228 1246 2266 sqq.
1275 2214 1352 2252 Sed
1376 2215 1481 2263 longe

87 2284 208 2322 maior
226 2285 286 2321 uis
304 2289 358 2321 est
369 2291 441 2333 per
459 2286 569 2334 szjgna
590 2286 734 2334 lrzgonz'
753 2284 873 2331 Quam
893 2284 1024 2332 quibus
1044 2287 1096 2320 est
1113 2283 1242 2319 lz'lulus
1261 2280 1326 2317 sub
1346 2282 1480 2328 quarto

87 2362 223 2399 quoque
241 2350 447 2399 quadratis.
505 2350 551 2387 Id
572 2351 777 2388 discrimen
798 2349 924 2387 uerbis
945 2349 1050 2386 Haec
1070 2353 1107 2385 ta
1129 2348 1209 2385 siue
1229 2346 1342 2383 Hella
1363 2344 1479 2381 latere

87 2415 230 2468 credo:
280 2427 372 2452 nam
409 2416 500 2461 ἧττα,
539 2417 667 2463 ἥττημα
704 2415 894 2453 uocabula
934 2414 1305 2452 mathematicorum.
1363 2409 1479 2447 Firm.

91 2480 255 2518 Mathes.
285 2481 334 2518 iii.
365 2494 387 2530 9
418 2482 515 2531 ipsos
543 2486 661 2519 lamen
683 2481 809 2531 faciel
839 2481 1077 2518 hetlemalz'cos
1115 2484 1148 2516 el
1174 2478 1305 2527 prima
1343 2481 1482 2524 semper

90 2551 203 2585 aelate
240 2547 398 2586 uitiosos.
466 2549 600 2600 Itaque
639 2548 754 2585 Hella
793 2546 872 2584 siue
904 2543 1016 2582 Ἥττα
1038 2545 1143 2594 ferit
1178 2554 1338 2592 repono,
1375 2540 1410 2579 h.
1447 2551 1482 2577 e.
