1786 2878
233 146 248 174 1
259 145 314 187 30
654 141 848 174 NOCTES
876 140 1207 172 MANJLIANAE

232 245 353 284 Miror
373 247 566 284 neminem
588 247 799 284 correxisse
819 247 930 295 szgrm'.
988 245 1144 283 Gemini
1175 244 1277 283 enirn
1308 255 1427 281 unum
1458 243 1624 293 signum,

230 324 310 349 non
331 311 482 361 duplex,
503 311 680 349 efficiunt.

286 377 355 415 IV.
378 379 558 425 459-461
586 378 637 414 sic
660 377 781 414 traditi
803 384 890 414 sunt
911 377 949 413 in
971 375 1124 413 Gembl.

395 442 478 480 Nec
509 442 636 480 cancri
667 443 792 491 prima
815 442 994 479 immunis
1024 454 1095 478 nec
1125 441 1233 478 tertia
1261 451 1349 489 pars
1379 446 1436 476 est

396 507 480 545 Nec
511 516 618 544 sexta
647 515 806 545 octauae
837 507 968 544 similis
999 506 1262 555 decumaeque
1291 513 1446 554 peracta

396 573 525 610 Prima
555 574 651 622 rapit
681 585 751 610 nec
781 581 834 609 ter
863 573 1001 622 quinae
1032 571 1255 609 clementior
1283 582 1386 607 usus.

287 640 365 684 460
386 650 634 686 secumseque
667 638 780 674 Voss.2
837 640 908 684 461
934 637 1088 687 quintae
1115 636 1295 673 Vossz'am'.

232 702 425 741 Bentleius
447 715 508 740 uu.
532 705 621 749 460,
645 705 716 749 461
743 703 795 740 sic
818 702 968 740 refinxit

395 767 480 806 Nec
509 778 638 813 sexta;
679 776 817 805 octaua
846 775 903 805 est
933 767 1075 813 similis,
1107 767 1348 816 decumaque
1378 770 1534 815 peracta

395 830 524 867 Prima
552 831 659 867 rabit.

286 895 441 933 Incerta
469 895 576 941 haec,
607 908 656 932 ne
686 895 811 933 dicam
845 894 1086 933 abhorrentia
1115 906 1221 932 uero.
1277 893 1465 944 Displicet
1485 894 1627 932 incisus

233 961 457 999 hexameter
493 968 581 1010 post
620 961 787 1010 primurn
827 960 1068 1010 spondeum;
1109 959 1246 997 deinde
1280 972 1359 997 non
1397 967 1454 998 est
1484 966 1627 998 temere

233 1025 447 1064 reiciendus
481 1027 714 1075 decumaeque
747 1026 938 1076 genitiuus
967 1024 1038 1075 (sic
1072 1037 1162 1063 eum
1195 1024 1469 1063 Gemblacensi
1501 1025 1626 1070 ceteri,

233 1103 360 1140 neque
381 1091 485 1128 aliud
506 1097 563 1128 est
583 1091 672 1128 illud
687 1104 910 1140 sccumseque
925 1090 1029 1141 quod
1046 1090 1084 1127 in
1098 1088 1228 1128 Voss?
1244 1088 1404 1142 inueni),
1422 1090 1627 1139 potiusque

233 1156 441 1206 legendum
470 1162 550 1194 erat
576 1161 748 1205 peractae
777 1169 893 1206 quam
923 1157 1089 1193 decumae
1120 1156 1159 1192 in
1192 1156 1340 1192 decuma
1374 1156 1625 1194 mutandum:

233 1222 458 1272 exquisitius
499 1221 636 1259 dicitur
668 1223 799 1270 prima
832 1226 1005 1271 peractae
1043 1222 1210 1257 decumae
1251 1221 1333 1257 siue
1375 1221 1499 1270 prima
1540 1228 1628 1270 post

235 1293 432 1338 peractam
462 1286 678 1324 decumam.
736 1286 937 1324 Postremo
966 1287 1068 1335 rapit
1099 1286 1220 1323 multo
1255 1286 1546 1323 conuenientius
1579 1285 1628 1323 ad

234 1353 435 1402 sequentia
468 1365 531 1388 nec
563 1356 617 1388 [εν
649 1353 781 1401 quinae
819 1352 1023 1388 clementior
1061 1364 1150 1388 usus
1163 1365 1180 1393 ,·
1222 1362 1303 1388 non
1337 1358 1395 1389 est
1428 1351 1532 1389 enim
1571 1351 1627 1388 in-

234 1418 460 1456 clementiae
499 1417 636 1462 rabere,
671 1417 739 1454 sed
772 1424 910 1467 rapere.
971 1415 1059 1454 Scio
1092 1416 1139 1453 de
1180 1415 1366 1454 Canicula
1403 1416 1628 1466 loquentem

235 1483 438 1520 Manilium
468 1482 516 1519 V.
550 1484 624 1520 208
655 1482 796 1520 dixisse
826 1483 1008 1531 latralquc
1035 1482 1206 1519 canicula
1228 1482 1412 1531 flammas
1440 1483 1501 1519 Et
1528 1483 1632 1519 rabit

235 1551 318 1598 igne
355 1562 430 1595 suo,
467 1561 559 1586 mox
596 1548 644 1586 de
678 1548 769 1586 ortis
807 1549 879 1586 sub
914 1547 1100 1586 Canicula
1138 1547 1307 1585 similiter
1345 1548 1476 1596 lingua
1515 1548 1626 1593 rabz‘l,

234 1616 420 1663 latralque
465 1615 647 1663 loquendo.
717 1614 769 1650 At
807 1625 888 1651 non
929 1613 1071 1651 idcirco
1112 1613 1317 1650 undecima
1362 1625 1451 1662 pars
1487 1612 1628 1651 Cancri

235 1681 367 1717 rabere
397 1679 583 1724 uincitur;
613 1679 733 1716 immo
762 1679 858 1728 rapit
888 1679 1024 1716 morbo
1054 1678 1113 1715 uel
1143 1685 1268 1715 morte
1297 1685 1521 1727 occupatos,
1549 1689 1628 1727 quo

235 1757 351 1782 sensu
380 1745 473 1782 dixit
503 1745 532 1781 Ι.
565 1747 639 1781 882
665 1744 908 1793 Labcnlesque
936 1746 1040 1792 rapit
1058 1744 1222 1792 populos,
1248 1747 1406 1792 lolasque
1426 1751 1495 1792 per
1524 1744 1629 1781 urbes

235 1810 397 1847 Publica
415 1811 595 1847 succensis
605 1809 947 1858 peragunlursala
966 1809 1182 1857 scffclclzrzs.

291 1875 360 1912 IV.
384 1885 472 1923 473,
498 1884 575 1923 474
597 1875 650 1912 sic
670 1875 797 1912 traditi
818 1882 906 1912 sunt
926 1874 964 1911 in
985 1872 1138 1911 Gembl.

400 1947 568 1998 Septima
597 1955 634 1986 et
662 1948 869 1986 undecima
898 1947 1162 1997 decumaeque
1192 1953 1229 1985 et
1258 1947 1370 1984 tertia
1399 1947 1528 1984 iuncta

397 2013 448 2050 Et
477 2014 608 2062 quinta
637 2014 676 2050 in
704 2013 821 2051 chelis
850 2020 885 2050 et
916 2013 1079 2063 septima
1109 2012 1251 2049 inutilis
1280 2019 1401 2050 aestu.

293 2099 369 2139 473
404 2089 456 2126 Et
483 2094 564 2126 aule
594 2089 763 2139 Septima
792 2090 876 2127 add.
917 2088 1027 2127 Voss?
1057 2088 1262 2127 undecima
1296 2096 1352 2126 est
1385 2088 1475 2127 Cus.
1515 2089 1627 2127 Voss?

325 2165 346 2185 u

239 2200 440 2248 decimque
463 2198 552 2236 Cus.
574 2199 747 2236 decimae
778 2197 892 2236 Voss.2²
912 2205 1020 2236 terna
1043 2197 1131 2237 Cus.

293 2265 380 2302 Hos
412 2275 476 2300 uu.
505 2263 840 2313 Regiomontanus
875 2271 976 2302 recte
1010 2263 1254 2313 transposuit,
1283 2263 1386 2301 unde
1419 2262 1538 2313 uulgo
1572 2263 1626 2301 sic

238 2330 327 2368 editi
348 2336 438 2368 sunt

400 2394 450 2431 Et
480 2390 550 2445 (At
579 2393 722 2444 Bcnll.)
753 2394 886 2444 quinta
914 2394 953 2431 in
984 2394 1114 2433 Chelis
1143 2401 1180 2432 et
1211 2394 1376 2444 septima
1407 2394 1558 2432 inutilis

508 2467 615 2496 aestu

403 2524 648 2574 Septimaque
677 2524 903 2563 undecimae
935 2525 1182 2575 decimaeque
1212 2531 1248 2562 et
1278 2524 1382 2562 tertia
1413 2525 1553 2562 iuncta.
