1786 2878
781 144 811 175 V
1404 148 1484 192 159

98 255 176 287 erat
196 249 234 287 id
254 249 359 299 quod
379 249 521 287 habent
541 261 677 288 omnes
700 249 851 288 codices
871 263 1050 298 quemque.
1109 249 1213 288 Nam
1235 251 1345 299 signa
1365 264 1487 302 quan-

99 327 228 364 quam,
249 315 289 352 in
308 315 528 353 uniuersum
549 315 580 352 si
601 315 790 364 respicias,
811 315 1029 353 neutraliter
1049 322 1086 353 et
1111 316 1186 353 dici
1215 315 1355 355 debent
1376 324 1413 355 et
1434 318 1487 354 di-

99 387 248 426 cuntur,
269 380 419 429 singula
439 393 719 429 nonnunquam
744 381 853 430 quasi
881 392 1088 430 personam
1110 381 1272 418 induunt
1292 389 1328 419 et
1348 394 1489 431 genere

99 450 254 482 utuntur
273 445 499 483 masculino.
556 445 646 483 Hoc
676 452 717 482 ut
745 446 873 482 minus
902 446 1101 483 admireris
1131 446 1245 484 faciet
1273 447 1488 486 recordatio

99 510 307 559 figurarum
335 512 473 561 quibus
495 511 623 548 stellae
651 518 687 548 et
707 511 855 548 zodiaci
880 519 1007 560 partes
1028 512 1131 560 apud
1151 512 1333 561 antiquos
1353 514 1489 562 pinge·

98 577 259 623 bantur;
302 577 367 613 uix
405 576 507 614 enim
537 576 686 613 dubites
717 577 794 613 iam
824 577 912 614 inde
942 577 991 614 ab
1020 577 1127 614 Arati
1162 578 1317 616 saeculo
1349 579 1387 615 in
1418 591 1489 616 usu

99 640 214 679 fuisse
243 642 432 691 imagines
465 641 631 678 siderum
661 641 792 691 quales
821 641 1012 692 hodieque
1047 649 1179 679 extant
1208 643 1246 680 in
1277 643 1489 682 Harleiano

99 706 233 744 codice.
264 709 363 755 647:
394 713 435 743 ut
465 706 555 743 nihil
586 707 710 744 dicam
741 707 787 744 de
817 707 946 744 tabula
976 708 1212 746 Farnesiana
1241 721 1339 758 quae
1371 709 1488 747 Bent-

99 771 245 809 leianae
265 772 423 809 editioni
445 771 594 810 Manilii
615 772 785 820 praefixa
805 780 874 809 est.

154 836 202 874 V.
224 849 286 885 34,
309 848 358 885 35
384 837 438 874 sic
458 844 589 874 extant
609 838 649 874 in
671 837 825 875 Gembl.

262 902 459 940 Colchidis
487 909 523 940 et
553 903 722 951 magicas
752 910 852 940 artes
881 904 946 953 qui
976 911 1125 942 uertere
1157 905 1331 944 Colchon

263 967 446 1005 Medeam
475 967 580 1005 iussit
609 968 809 1017 mouitque
838 981 989 1006 uenena
1017 982 1084 1018 per
1112 971 1259 1008 orbem.

155 1046 204 1081 34
234 1033 358 1071 uisere
395 1033 508 1070 Voss-‚²
536 1033 694 1071 tolchon
734 1032 844 1071 l'oss.l
875 1034 1011 1072 Iolcon
1041 1034 1230 1073 Benlleius
1260 1035 1385 1087 (Iolco
1414 1039 1487 1076 iam

100 1097 298 1148 Scaliger).

154 1163 334 1201 Putaram
372 1175 488 1213 posse
530 1163 691 1202 Colchon
729 1165 951 1213 genetiuum
986 1164 1182 1204 Graecum
1217 1170 1362 1215 Κόλχων
1393 1181 1489 1211 esse,

99 1229 216 1266 uerba
243 1230 297 1267 sic
323 1230 416 1267 strui
443 1235 476 1267 ct
501 1231 570 1279 qus·
591 1229 660 1280 (sc.
681 1230 809 1281 Aries)
831 1232 942 1268 iussit
958 1230 1131 1269 Mkdeam
1160 1238 1297 1270 uertere
1325 1237 1491 1284 magicas

98 1299 197 1332 artes
219 1294 408 1333 Colchidis
426 1300 460 1332 et
480 1295 638 1333 Colchon
653 1310 667 1334 .·
698 1308 789 1333 nam
813 1295 1002 1334 Colchidis
1024 1296 1183 1335 Colchon
1204 1299 1343 1337 eodem
1371 1301 1490 1338 modo

100 1361 254 1398 codices
282 1366 476 1410 praestant
504 1373 584 1410 quo
616 1360 764 1399 Colchis
797 1361 1007 1399 Colchz'ocis
1036 1363 1138 1412 apud
1168 1363 1280 1414 Prop.
1311 1365 1347 1404 ii.
1374 1378 1404 1402 1.
1426 1376 1489 1414 54,

100 1425 207 1474 quod
235 1425 315 1463 iure
345 1433 485 1463 tutatus
518 1434 575 1464 est
606 1426 884 1476 Hertzbergius
913 1428 1024 1477 quasi
1055 1429 1277 1478 significarit
1306 1430 1489 1469 Medeam

100 1491 191 1528 artis
209 1491 384 1540 magicae
404 1492 599 1529 mulierem
621 1492 891 1541 peritissimam
911 1493 950 1529 in
970 1494 1128 1543 regione
1149 1496 1323 1533 omnium
1345 1509 1490 1534 uenen-

100 1568 212 1593 orum
259 1556 502 1594 feracissima.
567 1556 643 1594 Sed
690 1558 787 1594 inter
834 1558 1013 1607 exempla
1061 1558 1274 1598 Maniliana
1316 1560 1491 1599 Graecae

100 1622 365 1660 declinationis
385 1623 488 1672 apud
507 1623 740 1660 Kramerum
761 1635 823 1672 pp.
849 1626 978 1669 24-28
997 1623 1088 1661 nihil
1110 1624 1328 1663 huiusmodi
1349 1627 1490 1664 inueni.

100 1687 220 1724 Aliter
239 1699 319 1725 rem
335 1687 524 1736 adgressis
544 1688 683 1737 poterit
704 1687 888 1725 Manilius
904 1689 1104 1727 Platonem
1121 1690 1240 1728 uideri
1256 1693 1491 1741 expressisse

101 1753 166 1801 qui
185 1752 224 1789 in
244 1752 489 1802 Euthydemo
515 1755 589 1800 285
612 1766 633 1791 c
657 1753 753 1791 haec
774 1753 889 1791 habet
916 1756 960 1792 ὡς
987 1756 1064 1802 ἐγώ,
1085 1756 1199 1802 ἐπειδὴ
1219 1758 1273 1792 καὶ
1295 1758 1491 1805 πρεσβύτης

101 1819 178 1865 εἶμί,
193 1818 482 1865 παρακινδυνεύειν
501 1819 634 1865 ἕτοιμος
654 1822 705 1855 καὶ
724 1821 936 1867 παραδίδωμι
956 1821 1099 1866 ἐμαυτὸν
1119 1823 1363 1871 Διονυσοδώρῳ
1383 1823 1491 1873 τούτῳ

101 1884 219 1930 ὥσπερ
246 1886 286 1928 τῇ
307 1883 437 1930 Μηδείᾳ
464 1886 503 1929 τῇ
526 1886 662 1934 Κόλχῳ·
691 1885 875 1921 ἀπολλύτω
896 1901 949 1931 με,
971 1888 1022 1921 καὶ
1043 1887 1072 1921 εἷ
1091 1888 1151 1932 μὲν
1168 1887 1342 1934 βούλεται,
1363 1890 1488 1936 ἑψέτω,

101 1949 131 1983 εἷ
156 1947 196 1994 δ’,
218 1948 237 1984 ὅ
255 1964 287 1984 τι
307 1949 482 1994 βούλεται,
505 1952 605 1985 τοῦτο
633 1951 780 1988 ποιείτω.
840 1950 902 1988 Sic
927 1950 1086 1988 Colchon
1106 1951 1277 1990 stledeclm
1299 1953 1402 1991 idem
1423 1955 1491 1992 erit

101 2013 208 2062 quod
244 2012 453 2052 Colchicam
487 2013 658 2052 Medeam
672 2030 690 2060 ,·
735 2016 905 2054 nominis
944 2017 1092 2054 iteratio
1131 2018 1362 2067 significabit
1401 2019 1490 2058 Col-

101 2078 262 2117 chorum
295 2086 396 2117 artes
428 2080 600 2128 magicas
633 2093 656 2117 a
690 2081 922 2129 peritissima
952 2081 1189 2121 Colcharum
1221 2084 1296 2122 alio
1327 2086 1423 2123 uerti
1453 2092 1491 2123 et

101 2144 210 2193 quasi
231 2144 448 2183 abalienari.

156 2209 352 2247 Audacius
385 2209 471 2256 hoc,
505 2218 545 2248 ut
580 2210 671 2248 nihil
710 2211 836 2249 dicam
876 2212 923 2250 de
960 2213 1081 2251 uerbo
1120 2219 1266 2260 uertere,
1305 2227 1376 2263 pro
1413 2227 1491 2265 quo

102 2280 265 2312 auertere
284 2275 411 2325 potius
438 2276 644 2313 dicendum
671 2284 761 2314 erat.
820 2276 904 2315 Nec
931 2278 1068 2316 desunt
1094 2280 1196 2328 apud
1222 2280 1401 2329 antiquos
1426 2281 1492 2330 qui

104 2339 292 2378 Colchida
311 2352 400 2378 cum
420 2341 528 2379 Iolco
555 2341 607 2379 sic
634 2342 872 2391 coniungant
902 2349 943 2380 ut
972 2343 1034 2381 hic
1059 2343 1242 2382 Manilius
1271 2356 1294 2382 a
1317 2344 1492 2383 Bentleio

106 2405 269 2442 creditur
311 2407 568 2444 coniunxisse.
641 2406 853 2445 Scholiasta
890 2407 1123 2458 Euthydemi
1166 2410 1189 2446 l.
1224 2422 1256 2447 c.
1295 2409 1379 2456 αὕτη
1424 2412 1491 2459 γὰρ

105 2471 377 2514 συνεβούλευσεν
412 2472 478 2508 ἀπὸ
518 2475 662 2519 Κόλχων
693 2474 778 2518 μετὰ
809 2472 961 2511 Ἰάσονος
994 2475 1041 2510 εἷς
1070 2473 1206 2510 Ἰωλκὸν
1238 2475 1390 2511 ἐλθοῦσα
1421 2479 1493 2514 ταῖς

106 2536 232 2571 Πελίου
252 2536 468 2584 θυγατράσιν,
489 2537 551 2583 ἵνα,
575 2539 604 2573 εἷ
622 2541 742 2574 τοῦτον
759 2538 939 2581 βούλοιντο
959 2540 1032 2575 νέον
1051 2541 1218 2587 γενεσθαι,
1240 2541 1365 2587 ἑψηθῇ.
1415 2540 1492 2579 Sed
