1786 2878
253 146 336 191 254

250 252 385 282 Alouere
400 250 499 281 uerba
518 257 554 288 13
559 257 587 288 3.

250 294 400 332 Mueller,
418 294 580 324 Lucianus
596 292 712 323 citatur
733 297 804 332 127,
822 290 889 331 167.

253 338 433 375 Mundum,
451 337 597 368 nondum
622 342 669 376 17.

252 381 381 420 Munro,
402 381 446 412 H.
465 381 506 411 A.
525 380 550 410 Ι.
569 379 687 411 citatur
702 389 734 419 4,
751 379 804 420 89,
822 387 875 420 95.

554 474 596 505 N.

250 535 398 567 Naekius
413 535 530 565 citatur
547 540 598 574 75.

250 580 318 611 A'ec
341 584 373 610 et
397 589 463 610 non
487 580 712 619 permutantur
727 576 759 607 in
777 575 862 607 MSS
881 585 910 614 2,

296 630 346 663 70.

249 666 389 706 A'egare,
406 675 519 696 nccare
537 673 607 704 209.

250 709 431 740 Nemeaeus
447 719 507 749 pro
523 708 632 738 Leone
647 707 792 748 positum
813 713 881 747 107.

250 752 440 783 Nemesiani
456 751 653 792 Cynegetica
667 750 809 782 citantur
822 749 873 789 83.

251 795 449 836 Nettleship‚
474 795 520 825 H.
544 795 662 826 citatur
686 794 737 835 89,
762 799 815 835 97,
838 800 910 833 147,

297 838 366 878 165,
387 848 458 870 200.

249 882 444 921 Nicholson‚
463 881 522 912 Ed.
542 881 577 911 B.
597 889 669 920 215.

250 925 471 967 Nipperdeius
486 925 607 956 citatur
624 930 674 963 37.

250 970 291 1001 de
314 969 457 1007 Nolhae,
482 969 593 999 Petrus
612 976 682 1007 215.
729 967 808 997 Eius
832 966 913 997 liber

295 1017 302 1029 ‘
314 1013 346 1044 la
359 1011 586 1052 bibliotheque
598 1011 638 1042 de
649 1011 768 1042 Fulvio
780 1010 910 1041 Orsini.’

293 1056 337 1087 ib.

252 1099 391 1137 Nomen,
408 1109 533 1130 momen
553 1105 602 1138 71.

251 1144 392 1178 ΛῙοηιεφι,
408 1153 531 1173 numen
548 1142 599 1182 98.

250 1187 349 1217 Nudi
363 1187 462 1224 colles,
481 1185 588 1216 nudae
604 1185 696 1216 nrbes
711 1194 763 1224 49.

251 1230 455 1261 qumerosus
480 1239 545 1259 non
575 1238 701 1269 semper
726 1228 767 1259 de
790 1238 912 1268 magno

293 1283 428 1304 numero
444 1272 561 1304 dicitur
578 1272 628 1311 83.

553 1367 594 1399 O.

252 1429 383 1472 Officere
399 1438 450 1470 94.

252 1473 421 1513 Olympias
457 1471 608 1513 quinque,
644 1481 708 1501 non
747 1475 909 1512 quattuor,

293 1526 452 1547 annorum
471 1524 484 1545 1
494 1524 506 1545 1
516 1524 541 1545 1.

250 1559 444 1601 Ophiuchus
462 1566 490 1599 7.

253 1603 358 1641 Orbis,
377 1603 470 1633 urhis
486 1601 540 1640 62,
562 1610 631 1641 142.

254 1647 296 1678 Os
312 1646 393 1677 caeli
410 1655 480 1684 105.

252 1691 295 1721 Os
310 1700 439 1720 scaenae
457 1689 528 1720 181.

249 1733 407 1764 Ouidium
423 1733 571 1764 imitatus
586 1736 633 1763 est
650 1731 807 1762 Manilius
826 1738 896 1771 170.

250 1777 391 1808 Ouidius
429 1776 627 1817 significauit
666 1775 840 1806 Manilium
879 1775 911 1804 in

294 1820 393 1850 Trist.
410 1819 444 1850 ii.
463 1819 533 1860 169.

250 1863 365 1900 Owen,
381 1862 414 1894 S.
433 1863 473 1894 G.
490 1863 608 1894 citatur
623 1872 677 1901 90,
695 1870 766 1902 141,
787 1861 856 1902 169.

249 1907 440 1947 Oxymoron
460 1915 530 1944 120,
551 1913 620 1946 170,
644 1914 714 1947 190.

562 2012 597 2043 P.

249 2073 380 2111 Parker,
398 2073 463 2103 Iac.
484 2081 554 2112 215.

250 2118 330 2155 Par,
342 2121 424 2157 pars
440 2120 663 2157 permutantur
682 2124 753 2156 129,
774 2124 843 2154 131.

249 2161 388 2191 Passum
404 2164 517 2191 notare
535 2168 605 2200 191.

249 2205 386 2235 Patriae
403 2204 481 2234 iura
497 2207 606 2244 petere
621 2202 661 2234 de
678 2201 827 2233 Homero
845 2202 909 2234 (lic-

293 2252 362 2278 tum
382 2254 432 2288 27.

250 2291 371 2331 Pegma
389 2289 460 2322 206.

250 2334 390 2364 Penz'lus
405 2337 593 2374 corruptum
609 2333 641 2363 in
651 2337 774 2374 pontus
789 2334 860 2371 138,
878 2333 908 2363 in

288 2378 400 2418 polius
419 2386 487 2416 141.

250 2421 492 2461 Petschenigius
509 2420 625 2451 citatur
644 2428 713 2459 153.

249 2464 356 2504 Pingz·
370 2474 443 2495 cum
459 2464 572 2495 datiuo
592 2477 619 2488 =
637 2463 777 2503 adpingi
793 2470 842 2503 57.

250 2507 427 2547 Pingraeus
445 2514 517 2547 173,
538 2507 609 2546 183,
629 2507 698 2537 188.

252 2551 350 2590 Pitra,
368 2551 554 2583 cardinalis
572 2551 688 2581 citatur
706 2551 733 2580 8.

846 143 1086 174 INDEX.

983 246 1162 279 l'lantaria
1179 244 1282 277 Persei
1302 253 1373 285 204.

982 290 1126 331 Poggius
1145 297 1216 328 223,
1237 297 1395 328 230—233.

982 334 1172 365 Pontianus,
1187 332 1333 373 Angelus
1353 340 1423 371 215.

982 377 1116 417 Pompa,
1134 377 1239 407 Roma
1255 386 1319 407 non
1337 379 1560 416 permutantur
1579 373 1626 407 26.

982 431 1045 451 uon
1063 421 1170 450 I’onor
1185 419 1301 450 citatur
1319 419 1390 449 180.

981 464 1158 500 Fontanus,
1176 462 1223 493 Io.
1239 463 1280 494 Is.
1294 462 1411 494 citatur
1429 470 1441 491 1
1452 470 1500 502 19.

981 508 1091 545 Poste,
1109 506 1279 537 Eduardus
1295 506 1413 536 citatur
1430 512 1504 545 237,
1523 513 1595 544 241.

981 552 1194 581 l'raeucrlere
1223 553 1318 580 semet
1349 554 1384 580 to
1418 548 1489 590 pull
1521 547 1647 579 onesels

1023 605 1066 635 up
1084 602 1135 634 91.

981 637 1153 678 Propius,
1179 635 1329 677 propius,
1351 635 1540 676 propriora,
1565 639 1640 675 pro-

1016 682 1116 721 piora
1135 688 1204 720 144.

980 724 1165 765 Propertius
1180 722 1371 754 emendatur
1388 723 1439 762 38.

981 768 1150 808 Proprius,
1162 771 1322 807 properus
1338 765 1390 806 65.

984 927 1145 965 Quaerere
1155 929 1297 965 pontum
1315 925 1352 955 in
1362 928 1463 965 ponto
1484 932 1553 964 191.

985 971 1138 1008 Quantus
1154 969 1174 999 i.
1185 979 1216 1009 q.
1237 969 1429 1007 Quanlulus
1448 976 1458 997 1
1467 976 1484 1006 5
1489 977 1518 1007 5.

985 1013 1084 1051 Quia,
1101 1022 1162 1053 que
1177 1011 1417 1043 confunduntur
1435 1018 1483 1052 79.

985 1057 1129 1097 Quisque
1160 1060 1244 1086 reete
1276 1055 1322 1085 sic
1361 1055 1494 1095 ponitur
1529 1054 1644 1084 ordine

1025 1109 1153 1140 quoque
1187 1109 1257 1137 suo,
1294 1102 1452 1139 quartum
1483 1107 1642 1138 quemque

1026 1144 1127 1173 locum
1146 1151 1196 1182 59.

985 1185 1145 1227 Quisquis
1162 1186 1190 1216 z's
1205 1195 1246 1224 es,
1264 1189 1309 1216 est
1328 1185 1398 1215 188.

1284 1288 1326 1319 R.

983 1352 1012 1382 R
1028 1356 1059 1383 et
1075 1350 1098 1382 S
1116 1353 1341 1392 permutantur
1357 1357 1409 1389 50.

983 1395 1118 1432 Rabare,
1136 1399 1248 1435 rapere
1268 1401 1337 1432 130.

981 1439 1112 1469 Radius
1127 1436 1369 1477 astrologorum
1385 1435 1438 1476 65.

982 1482 1138 1522 Ramsay‚
1157 1480 1235 1512 Gul.
1253 1481 1373 1510 citatur
1390 1478 1460 1509 126.

981 1525 1099 1566 Raper,
1117 1525 1156 1555 R.
1171 1524 1223 1555 W.
1244 1532 1314 1563 225.

980 1569 1113 1609 Rfflare
1127 1567 1179 1609 69.

981 1612 1150 1643 Reinesius
1178 1609 1249 1650 164,
1276 1610 1349 1650 167,
1372 1616 1445 1649 174,
1471 1615 1542 1649 177,
1571 1608 1643 1650 178,

1027 1664 1039 1685 1
1069 1662 1096 1695 7.

982 1665 1108 1735 Ren9zes,
1129 1708 1239 1728 remex
1258 1697 1329 1738 189.

981 1741 1124 1773 Remz'ltz'
1140 1751 1213 1772 eum
1230 1741 1344 1772 datiuo
1364 1749 1412 1781 19.

982 1787 1126 1827 Reptare
1156 1784 1196 1815 de
1234 1784 1436 1825 serpentibus
1473 1782 1642 1824 proprium

1027 1838 1097 1868 204.

981 1871 1130 1903 Resorhz't
1148 1879 1219 1911 153.

981 1914 1183 1946 Ribbeckius
1199 1914 1315 1946 citatur
1330 1914 1382 1955 89.

981 1959 1076 1996 Rich,
1096 1959 1174 1989 Ant.
1191 1958 1309 1989 citatur
1327 1966 1379 1997 25,
1398 1956 1468 1998 169.

981 2001 1181 2033 Ritschelius
1197 2001 1315 2032 citatur
1331 2010 1383 2042 95.

982 2046 1094 2081 Ritus,
1110 2045 1150 2075 de
1166 2045 1338 2086 pecoribus
1353 2044 1476 2075 dictum
1495 2043 1545 2074 28.

981 2090 1114 2121 Rorans
1130 2088 1264 2119 iuuenis
1276 2088 1439 2130 Aquarius
1451 2088 1520 2118 siue
1533 2086 1644 2127 Gany·

1024 2132 1134 2163 medes
1153 2140 1222 2172 199.

979 2176 1019 2207 de
1034 2177 1131 2216 Rooy
1147 2176 1267 2206 citatur
1286 2183 1356 2215 199.

980 2220 1188 2257 Ructantem,
1208 2219 1384 2249 luctantem
1405 2225 1475 2258 195.

980 2264 1069 2294 lx’ues
1088 2271 1160 2293 200.

980 2305 1169 2347 Rutgersius
1185 2305 1301 2337 citatur
1317 2304 1346 2335 8.

1291 2398 1326 2430 S.

980 2462 1117 2492 Saecula
1135 2475 1162 2486 =
1178 2459 1299 2491 saeculi
1316 2469 1422 2490 mores
1441 2458 1511 2499 165.

979 2504 1157 2535 Salmasius
1173 2505 1292 2534 citatur
1312 2502 1383 2542 106,
1404 2511 1474 2542 107.

979 2548 1170 2580 Salmoneus
1190 2547 1261 2587 163.
