1786 2878
833 130 866 163 V
1470 124 1550 175 165

153 237 291 276 meude
322 237 411 276 Cus.
441 237 580 276 incoda
621 235 734 275 Voss.²
763 249 812 274 ne
844 236 956 275 crede
989 236 1043 274 ob
1075 235 1182 273 Fort.
1209 236 1248 273 in
1275 236 1413 274 saecla.
1473 249 1547 286 107

151 301 418 350 Abrutamque
449 299 561 339 Voss.l
581 300 876 349 Abruptumque
903 299 1017 336 Voss?
1036 299 1330 349 Abreptumque
1349 298 1550 337 Bentlez'us.

1335 362 1356 383 0

156 399 230 435 108
245 411 342 436 onus
358 396 471 436 Voss.1
484 411 503 435 0
518 410 631 436 onn1s
654 396 767 437 Voss.2
781 401 864 434 teste
878 396 938 434 De
953 396 1091 434 I'rz'esz'o
1106 408 1203 445 opus
1219 396 1239 432 ὂ
1255 396 1352 445 signi
1368 397 1388 433 b
1404 397 1502 446 signi
1517 411 1547 435 0.

206 462 324 513 Signi
339 477 387 501 ex
406 465 513 512 signo
533 470 756 512 corruptum
776 475 856 500 non
877 462 1112 507 crediderim,
1134 461 1201 499 sed
1224 474 1271 498 ex
1289 463 1413 510 gigni.
1472 462 1546 501 Pro

151 530 279 566 incoda
299 530 403 567 bona
426 541 516 579 pars
543 529 722 566 codicum
748 528 864 566 habet
891 529 1028 565 incude.
1085 527 1414 564 Emendationum
1442 529 1547 565 nulla

149 595 272 644 placet
286 593 320 641 ¹3
350 607 431 632 non
451 594 610 632 Bentleii
629 595 779 630 strictas
799 595 837 630 in
859 595 951 630 colla
971 594 1122 639 securis,
1146 605 1225 630 non
1246 592 1380 630 Iacobi
1400 595 1546 631 strictos

150 673 212 696 nec
231 661 342 697 corda
367 659 532 697 Catones.
590 658 738 696 Verum
759 659 872 696 credo
893 660 1038 696 strictos
1059 661 1097 695 in
1124 659 1242 694 saecla
1270 657 1435 703 Catones,
1458 658 1494 694 h.
1511 671 1545 696 e.

151 725 320 763 Catones
341 725 539 763 seueritate
560 731 729 762 armatos
750 731 884 762 contra
905 724 1042 762 saeculi
1062 724 1301 773 prauitatem.
1351 723 1413 761 Sic
1438 723 1544 760 Mar-

148 790 246 828 tialis
277 790 324 828 de
353 790 516 828 Chresto
546 790 595 827 ix,
629 792 689 826 28.
713 792 749 836 8,
771 803 792 838 9
814 803 991 838 sonasque
1011 789 1226 838 grandibus
1255 789 1396 837 loquax
1424 789 1546 826 uerbis

147 855 206 893 Et
221 869 303 893 cum
322 856 475 893 theatris
493 856 701 904 saeculoque
719 857 885 901 rixaris,
912 855 1163 904 eiusdemque
1188 854 1436 892 Catonianam
1471 856 1544 891 lin-

142 931 261 967 guam
276 918 482 956 insectatur
494 930 553 965 14.
587 917 779 955 Pluralem
800 918 852 955 sic
887 918 1085 966 usurpauit
1116 924 1157 954 ut
1187 917 1348 965 scriptor
1381 916 1542 965 Epiced.

145 983 262 1021 Drus.
293 993 342 1032 45
377 982 480 1030 Quid
513 984 667 1020 tenuisse
704 984 870 1019 animum
909 987 1036 1019 contra
1083 995 1151 1018 sua
1189 982 1335 1018 saecula
1372 986 1510 1018 rectum
1523 984 1546 1019 :³

144 1046 329 1085 Lucanus
349 1060 385 1085 x.
412 1060 485 1085 110
519 1047 698 1086 Nondum
732 1049 934 1085 translatos
963 1047 1141 1084 Romana
1175 1049 1213 1084 in
1247 1048 1391 1084 saecula
1412 1049 1543 1093 luxus,

145 1125 368 1163 quanquam
402 1126 483 1151 non
513 1126 576 1151 me
606 1113 700 1151 fallit
729 1113 1027 1163 Nettleshipium
1058 1114 1097 1160 in
1128 1113 1224 1150 libro
1263 1125 1380 1162 quem
1418 1125 1544 1162 nuper

144 1178 261 1216 edidit
296 1178 575 1217 Contribulions
611 1184 646 1216 to
683 1179 802 1216 Latin
835 1179 1124 1228 Lexicogrczplyf
1158 1191 1221 1228 pp.
1261 1180 1350 1225 581,
1380 1190 1398 1214 2
1435 1178 1544 1215 aliter

144 1244 193 1282 de
221 1244 280 1283 his
305 1243 402 1282 locis
435 1245 584 1291 sentire,
604 1244 818 1295 Epieedion
843 1244 1013 1282 falsitatis
1036 1250 1195 1294 propter
1224 1242 1299 1281 hoc
1327 1243 1454 1293 ipsum
1484 1244 1543 1281 in-

143 1309 336 1348 simulare.

198 1375 246 1412 V.
271 1387 453 1421 111—114
475 1374 528 1413 sic
548 1381 679 1413 extant
699 1376 738 1413 in
760 1375 912 1414 Gembl.

576 1441 684 1478 uario
713 1441 858 1479 ducunt
885 1442 924 1478 in
954 1453 1083 1479 amore
1113 1441 1311 1478 iuuentam

306 1505 355 1544 In
383 1504 521 1543 uulnus
550 1518 762 1557 numquam
790 1507 909 1545 uirtus
939 1507 1006 1544 sed
1036 1518 1150 1555 saepe
1179 1505 1299 1542 libido

304 1570 471 1621 Impellit
499 1572 696 1622 turpisque
726 1573 864 1610 emitur
892 1573 954 1610 uel
984 1580 1106 1610 morte
1137 1572 1318 1620 uoluptas

302 1636 354 1674 Et
381 1636 573 1674 mininum
602 1635 687 1690 (sic)
717 1638 898 1676 cecidisse
928 1638 1073 1675 malum
1101 1644 1157 1675 est
1186 1637 1275 1687 quia
1304 1635 1463 1674 crimine

358 1709 518 1740 ulctum.

199 1785 274 1821 114
305 1772 459 1810 Minum
488 1787 539 1811 an
568 1775 719 1812 munim
751 1777 803 1812 sit
830 1775 870 1812 in
904 1773 1018 1812 Voss?
1045 1788 1153 1824 aegre
1176 1776 1437 1823 perspicitur:
1477 1774 1541 1811 sed

140 1838 346 1877 Falconero
365 1837 518 1876 Madan
534 1841 655 1877 uisum
679 1845 732 1877 est
749 1841 898 1878 minum
936 1841 1141 1878 minimum
1160 1854 1178 1877 0
1192 1840 1211 1877 b
1242 1837 1421 1878 cecidisse
1446 1839 1536 1877 Cas.

140 1905 310 1943 tendisse
332 1904 443 1942 Voss.2
456 1906 546 1956 quia
565 1907 664 1943 codd.
681 1907 819 1944 sinceri
839 1907 906 1944 sed
926 1920 945 1944 0
958 1907 977 1944 b
996 1919 1047 1944 ex
1062 1906 1336 1955 z'nlerpolatzbne
1357 1906 1502 1944 crimen
1518 1918 1538 1942 0

140 1970 264 2008 uictus
283 1969 450 2008 Iacobus.

196 2032 237 2069 Si
260 2045 308 2070 ex
328 2033 459 2072 Voss.²
478 2033 747 2073 reformandus
767 2042 865 2073 esset
888 2047 1022 2072 uersus
1053 2047 1068 2071 1
1081 2047 1139 2081 14,
1160 2040 1292 2084 posset
1315 2035 1454 2071 munim
1475 2033 1537 2070 uel

141 2100 283 2136 minum
311 2100 464 2137 tendisse
491 2113 538 2137 ex
568 2102 717 2137 minimi
740 2102 934 2137 intendisse
963 2101 1139 2138 uitiatum
1170 2100 1284 2146 credi,
1316 2101 1454 2136 malum
1490 2111 1537 2136 ex

140 2176 302 2210 manum,
317 2166 405 2214 quia
425 2178 472 2203 ex
492 2167 536 2202 ui
551 2179 606 2213 ac,
627 2173 668 2203 ut
688 2166 740 2203 sie
760 2166 940 2203 euaderet

248 2230 301 2267 Et
332 2231 482 2268 minimi
511 2232 718 2269 intendisse
748 2243 908 2268 manum
942 2238 998 2268 est
1029 2231 1067 2267 ui
1101 2243 1146 2268 ae
1178 2231 1336 2268 crimine
1376 2230 1535 2275 uictum,

139 2293 178 2332 h.
195 2307 227 2332 e.
248 2296 406 2333 minime
437 2296 673 2346 flagitiosum
701 2297 860 2334 habetur
890 2297 921 2334 si
944 2297 1029 2346 quis
1056 2309 1217 2334 manum
1244 2296 1356 2334 alicui
1383 2295 1534 2332 intend-

140 2360 221 2406 erit,
251 2373 340 2399 cum
369 2362 492 2400 uictus
522 2369 609 2400 ante
638 2362 748 2399 fuerit
775 2362 814 2399 ui
842 2369 982 2400 tractus
1012 2363 1051 2399 in
1080 2362 1284 2409 iudicium;
1325 2374 1416 2398 nam
1444 2363 1533 2410 quia

140 2426 206 2462 uia
225 2432 312 2464 ante
332 2426 429 2465 inter
449 2439 488 2465 se
508 2434 723 2478 permutata
743 2427 907 2465 uidimus
926 2428 956 2465 I.
981 2437 1069 2477 707.

264 2528 275 2547 ¹
297 2529 396 2562 Velut
411 2531 590 2563 nouissima
607 2531 779 2563 Thomasii
795 2531 948 2563 strictum
965 2541 1071 2564 ensem
1088 2531 1124 2563 in
1142 2531 1236 2563 corda
1256 2530 1401 2563 Catonis.
