1786 2878
250 139 331 182 162
651 147 846 180 NOCTES
873 147 1206 179 ΜΑΝΙΠΑΛἎΕ

301 254 349 291 V.
373 255 394 291 6

401 267 505 356 {nde
534 318 676 356 lassato
705 318 950 368 properantia
978 317 1094 356 corde
1123 317 1264 362 uidere,

246 396 300 434 sic
331 395 486 433 Gembl.
515 401 553 432 et
586 395 702 432 ceteri
735 395 910 432 codices:
956 395 1023 433 sed
1056 395 1133 431 iam
1166 394 1205 431 in
1240 393 1418 443 Regiom.
1450 392 1509 431 ed.
1540 401 1640 432 recte

247 461 392 498 editum
435 466 492 498 est
530 460 760 497 Indelassalo
799 462 1045 509 properantia
1084 460 1197 496 corda
1236 460 1374 508 uigore.
1444 459 1560 498 Falso
1601 460 1641 497 id

249 526 443 575 Scaligero
486 525 652 563 Iacobus
695 525 849 563 tribuit:
905 533 1061 563 centum
1105 532 1192 562 ante
1238 525 1348 562 annis
1386 531 1642 575 occupauerat

247 592 377 630 Italus.

243 664 246 667 ⁴
300 668 349 704 V.
373 677 433 716 74,
452 676 507 716 '75

841 727 879 758 et
907 721 1062 759 flectere
1092 732 1282 771 equorum

411 786 654 824 Praeualidas
683 787 782 824 uires
812 799 856 824 ac
887 793 968 824 toto
997 786 1182 835 stringere
1211 797 1305 835 gyro

464 859 565 890 torto
586 853 606 889 b
621 866 640 889 0

302 922 395 955 torto
442 930 512 966 pro
555 922 625 954 tolo
671 917 875 966 plerasque
903 916 988 954 edd.
1028 915 1182 961 inuasit,
1221 927 1313 962 uno,
1354 915 1461 966 quod
1508 916 1643 962 sciam,

246 982 462 1031 refragante
497 982 695 1029 Stoebero‚
729 982 790 1020 cui
823 981 884 1020 hic
918 981 1127 1027 adsentior,
1157 993 1238 1018 non
1271 981 1397 1018 solum
1431 982 1521 1031 quia
1549 987 1643 1019 torto

246 1051 455 1096 ταυτολόγον
473 1055 510 1085 et
529 1060 652 1097 paene
672 1048 845 1096 ineptum
864 1047 1026 1092 uidetur,
1047 1046 1115 1083 sed
1135 1045 1242 1095 quod
1268 1051 1349 1092 toto,
1369 1048 1552 1096 stringere
1573 1048 1644 1085 sibi

247 1114 415 1151 inuicem
436 1113 681 1162 respondent.
738 1111 818 1158 Qui
844 1112 946 1149 enim
973 1123 1095 1160 equos
1122 1111 1162 1147 in
1189 1123 1326 1160 gyrum
1353 1112 1590 1161 circumagit,
1612 1113 1644 1150 is

248 1192 297 1216 ne
325 1187 432 1217 extra
458 1179 600 1216 lineam
624 1178 756 1216 circuli
783 1177 1023 1226 diuagentur,
1047 1177 1200 1214 retrahit
1227 1188 1377 1226 semper
1406 1184 1444 1215 et
1472 1178 1643 1224 reducit3

248 1245 354 1294 quod
375 1245 466 1282 dum
488 1244 640 1294 saepius
660 1243 759 1288 facit,
781 1243 868 1292 equi
889 1247 959 1279 loto
972 1255 1076 1292 gyro
1094 1244 1338 1291 stringuntur
1358 1243 1439 1280 siue
1459 1243 1534 1280 oris
1559 1244 1644 1292 gyri

249 1311 457 1348 raduntur:
489 1310 542 1347 sie
567 1310 672 1347 enim
692 1309 819 1358 potius
846 1309 1071 1357 interpretor
1095 1309 1276 1357 stringere
1297 1320 1414 1357 quam
1434 1315 1475 1345 ut
1495 1309 1540 1345 sit
1561 1309 1583 1345 i.
1605 1322 1642 1359 q.

249 1376 426 1414 claudere
447 1376 509 1413 uel
529 1387 717 1413 coercere.
772 1373 934 1423 Anglice
960 1377 1023 1411 ‘to
1046 1372 1145 1423 keep
1172 1373 1236 1411 the
1258 1373 1373 1411 horse
1398 1374 1559 1423 grazing
1579 1374 1642 1411 the

248 1442 346 1490 edge
373 1441 418 1480 of
444 1441 508 1479 the
542 1441 655 1479 circle
683 1440 786 1478 from
817 1452 891 1477 one
926 1439 1002 1477 end
1029 1437 1091 1490 (of
1118 1439 1182 1477 the
1210 1438 1313 1490 ring)
1346 1446 1386 1477 to
1417 1438 1480 1477 the
1510 1438 1643 1477 other!

252 1507 391 1545 Similis
415 1514 472 1544 est
496 1506 721 1557 significatio
741 1505 913 1543 aduerbii
937 1504 1154 1553 παραγύρως.

303 1573 350 1609 V.
375 1574 505 1621 85-87

413 1637 582 1676 Necnon
611 1637 757 1675 alterno
787 1635 958 1674 desultor
987 1636 1110 1674 sidere
1141 1635 1258 1673 dorso

413 1702 721 1752 Quadrupedum
749 1708 787 1740 et
816 1701 960 1739 stabilis
989 1701 1126 1751 poterit
1155 1701 1322 1750 defigere
1351 1700 1500 1750 plantas

413 1768 523 1810 †Per
552 1779 652 1818 quos
680 1767 774 1804 labit
802 1778 924 1816 equos
952 1766 1058 1803 ludet
1086 1778 1154 1815 per
1182 1772 1289 1815 terga
1317 1766 1530 1804 uolantum.

307 1836 354 1882 87
378 1833 444 1872 Sic
468 1833 606 1872 Gembl.
663 1832 734 1870 Per
763 1844 861 1881 quos
886 1831 993 1869 uadit
1017 1830 1104 1869 Cus.
1135 1829 1247 1868 Voss.¹
1267 1831 1321 1869 ob
1345 1831 1417 1868 Per
1445 1843 1524 1881 quo
1552 1830 1645 1868 labit

261 1900 375 1937 Voss.²
417 1899 523 1936 Fort.
540 1899 696 1948 Terque
712 1898 863 1936 subibit.
903 1897 1006 1935 ludet
1027 1896 1166 1935 Gembl.
1191 1895 1304 1934 Voss}
1320 1897 1374 1934 ob
1402 1896 1508 1935 ludat
1532 1895 1645 1934 Voss.²

252 1965 387 2004 ludens
407 1964 528 2002 Benll.

306 2030 500 2068 Bentleius
524 2029 673 2079 scripsit
692 2029 839 2077 Perque
858 2028 998 2065 uolabz’t
1023 2040 1128 2077 equos
1138 2041 1158 2072 ;
1196 2027 1264 2065 sed
1293 2027 1434 2065 uolabz‘l
1454 2028 1644 2065 uolantum

251 2095 316 2131 uix
338 2093 592 2130 Manilianum
608 2106 617 2139 ;
648 2092 862 2141 scripserim
882 2091 1010 2140 potius
1028 2090 1166 2139 Terque
1185 2090 1321 2127 subibit
1337 2103 1452 2139 equos.
1487 2089 1560 2127 Ier
1574 2101 1644 2139 pro

251 2160 332 2197 Per
356 2159 472 2196 habet
492 2157 784 2195 Gemblacensis
810 2156 882 2193 ΙΙΙ.
901 2158 991 2204 638,
1013 2167 1150 2193 omnes
1170 2156 1291 2193 nostri
1307 2155 1379 2192 III.
1395 2157 1485 2203 607.
1545 2155 1644 2192 Mox

252 2226 350 2263 ludet
366 2236 455 2262 uere
475 2223 654 2261 traditum
675 2230 731 2260 est
755 2235 826 2259 nec
853 2222 893 2258 in
921 2222 1050 2259 ludens
1079 2220 1329 2258 mutandum:
1361 2219 1577 2270 asyndeton
1606 2227 1644 2258 et

252 2291 313 2328 hic
334 2290 418 2328 fecit
440 2288 646 2326 Manilius:
678 2287 724 2325 cf.
748 2287 798 2324 ΙΙ.
821 2289 910 2336 498,
932 2286 1002 2324 IV.
1026 2299 1114 2324 220.

307 2355 456 2392 Totum
476 2354 579 2391 hunc
608 2353 737 2390 locum
766 2352 831 2401 qui
861 2359 917 2389 est
949 2352 995 2389 de
1025 2351 1164 2401 aurigis
1191 2350 1378 2388 Fir-micus
1407 2362 1454 2387 ex
1480 2349 1644 2387 Manilio

253 2421 441 2470 expressit
456 2419 567 2456 VIII.
590 2420 612 2455 6
634 2417 683 2454 In
703 2418 814 2454 huius
837 2422 920 2454 orlu
939 2418 1008 2466 qui
1023 2416 1279 2467 natussuerz'l,
1301 2420 1368 2453 aul
1393 2417 1464 2452 erit
1490 2417 1643 2464 aurzgra,

252 2491 320 2522 aul
336 2498 507 2534 equorum
539 2484 705 2529 domitor,
726 2487 794 2519 aul
810 2484 878 2531 quz'
892 2483 990 2519 saltu
1010 2482 1217 2531 quadrigas
1245 2486 1419 2526 transeat,
1442 2482 1500 2518 uel
1522 2481 1645 2529 quiin

254 2553 359 2589 dorso
378 2556 482 2589 stans
501 2561 672 2600 equorum
690 2548 852 2598 mirtfica
868 2561 903 2585 se
918 2548 1157 2586 moderatione
1171 2550 1348 2594 suslenlel,
1363 2550 1468 2597 alque
1480 2546 1646 2596 apprime
