1786 2878
229 142 250 186 7
255 146 283 185 4
644 140 711 173 No
718 141 743 172 C
749 141 781 172 T
778 141 812 172 E
814 142 841 172 S
869 140 942 172 MA
948 141 1058 172 NILl
1057 141 1086 171 A
1093 141 1160 172 NA
1166 141 1199 172 E

225 249 367 286 nomine
389 246 509 286 Graio
530 245 696 284 Dicitur.
753 246 858 283 Tum
878 245 1094 283 Decernunt
1120 246 1211 283 nihil
1231 245 1346 284 habet
1365 245 1613 293 offensionis;

226 314 438 352 decernunt
458 312 529 350 sibi
557 312 691 349 uitium
721 323 885 361 corpora
914 324 1012 361 quae
1041 312 1232 349 destinant
1262 312 1332 350 sibi
1362 318 1503 350 sortem
1532 312 1614 349 uitii

227 382 236 398 ‘
251 378 458 416 determine
475 377 570 414 their
589 377 642 415 lot
662 376 719 414 for
735 377 805 414 evil
819 376 827 390 '
849 378 928 414 siue
950 377 1067 414 ‘draw
1084 376 1179 414 their
1198 377 1299 414 fixed
1321 377 1557 426 assignment
1577 376 1621 415 of

227 444 322 482 evil.'
361 443 582 480 Decernere
595 442 688 479 dixit
703 441 915 480 Martianus
932 442 1090 491 Capella
1108 443 1128 479 i.
1149 445 1169 479 8
1188 442 1235 479 de
1251 442 1403 491 planeta
1420 441 1613 479 Mercurio

226 522 335 558 neque
380 521 458 545 eum
494 509 571 544 sine
608 507 795 557 Apollinis
835 508 985 545 consilio
1023 508 1221 556 quidquam
1264 507 1384 544 debere
1420 508 1614 544 decernere.

228 574 379 612 Firmic.
402 572 563 610 Mathes.
588 572 617 609 Ι.
639 585 660 619 4
683 572 745 609 fin.
765 573 852 609 lzinc
876 574 983 610 uario
1011 586 1122 610 cursu
1153 574 1231 609 uita
1255 573 1442 609 hominum
1449 573 1616 621 fortuna

226 646 364 689 semper
382 639 583 676 decernente
597 639 837 686 transigitur.
867 637 899 675 I.
917 648 938 687 5
951 639 1139 675 stellarum
1155 638 1416 675 decernentium
1431 639 1532 687 leges.
1564 637 1615 674 II.

229 718 280 755 30
310 705 522 742 ostendentes
549 704 641 753 quid
656 716 812 752 quaeque
830 705 943 751 stella,
964 705 1161 753 suscipiens
1180 709 1316 753 tempus
1334 705 1380 742 ab
1405 705 1483 742 alia
1502 704 1617 748 stella,

230 773 409 808 decernat.
469 769 546 807 Sed
571 770 788 817 concupiunt
813 781 884 807 nec
910 769 1068 807 latinum
1098 769 1186 807 satis
1206 782 1277 807 nec
1297 776 1407 819 aptae
1428 768 1617 818 significa-

228 836 343 874 tionis
370 841 448 872 est:
480 846 606 884 neque
633 840 764 872 tamen
789 836 1008 884 concupiunt
1029 835 1251 884 receperim,
1272 836 1378 873 cuius
1404 834 1508 872 haud
1536 834 1618 871 scio

229 914 279 940 an
305 900 525 950 exemplum
554 899 770 949 reperiatur,
793 899 860 937 sed
889 901 1107 949 concipiunt,
1129 900 1233 949 quod
1260 900 1404 938 habent
1433 899 1618 938 editiones

229 973 413 1012 uetustae,
436 965 684 1014 Regiomont.
705 972 742 1002 et
766 964 1034 1014 Neapolitana.
1090 965 1218 1002 Etiam
1241 965 1330 1002 alibi
1359 966 1412 1003 sic
1437 965 1619 1014 scriptum

229 1032 442 1071 inuenitur:
465 1031 518 1069 sic
542 1030 779 1080 Concupiunt
794 1042 864 1080 pro
887 1030 1109 1080 Concipiunt
1131 1030 1273 1068 habent
1298 1030 1444 1081 aliquot
1464 1030 1619 1068 codices

231 1140 379 1181 Lucani
400 1153 433 1177 v.
458 1150 544 1189 105,
566 1138 670 1177 uelut
691 1138 931 1178 Bod1.Auct.
952 1139 994 1176 F.
1018 1151 1066 1188 29
1088 1106 1341 1188 Concupiunt.

286 1206 335 1245 II.
358 1215 433 1256 915
456 1206 508 1243 sic
528 1212 585 1243 est
605 1206 643 1242 in
664 1204 818 1243 Gembl.

447 1271 616 1321 Fataque
647 1270 844 1308 damnosis
874 1270 1086 1308 imitantem
1116 1269 1255 1308 finibus
1284 1270 1360 1308 oris

231 1344 445 1376 mutantem
486 1334 598 1374 Voss.¹
654 1336 865 1374 imitantem
904 1349 953 1373 an
991 1343 1205 1374 mutantem
1236 1338 1288 1373 sit
1314 1338 1353 1373 in
1393 1334 1505 1373 Voss.2
1547 1336 1621 1374 uix

231 1405 418 1453 dispicias.

286 1468 469 1506 Phoeben
489 1466 579 1505 dicit
599 1467 679 1505 siue
700 1465 852 1504 Lunam
874 1479 972 1517 quae
987 1466 1084 1515 fata
1114 1466 1231 1504 tristia
1252 1468 1423 1504 imitatur
1446 1466 1622 1516 exprimit

233 1535 419 1572 damnosis
431 1533 577 1583 finibus
596 1534 672 1569 oris
691 1532 796 1570 uultu
816 1539 972 1581 propter
991 1532 1132 1570 damna
1151 1531 1245 1569 lucis
1266 1544 1344 1570 non
1364 1532 1478 1581 pleno
1507 1538 1621 1580 atque

232 1600 272 1637 in
310 1600 443 1638 orbem
482 1598 697 1643 rotundato,
737 1597 805 1635 sed
843 1598 963 1635 inciso
1000 1604 1037 1635 et
1077 1598 1172 1635 fines
1211 1597 1291 1635 siue
1330 1609 1417 1634 oras
1458 1597 1622 1634 habente

232 1665 451 1715 inaequales
471 1675 714 1712 asperasque.
769 1663 957 1700 damnosis
977 1663 1026 1700 ad
1046 1663 1140 1701 lucis
1161 1662 1361 1711 dispendia
1382 1661 1496 1712 (Hor.
1516 1662 1558 1700 C.
1575 1662 1622 1699 iv.

236 1740 269 1779 7.
302 1743 346 1778 13
378 1729 534 1766 Damna
564 1733 681 1765 tamen
712 1728 838 1765 celeres
866 1732 1047 1777 reparant
1072 1729 1238 1765 caelestia
1267 1726 1390 1779 lunae)
1420 1727 1623 1777 praecipue

233 1796 401 1841 refertur,
418 1794 485 1832 sed
500 1800 541 1831 ut
559 1794 678 1831 subsit
699 1793 923 1842 significatio
940 1794 1171 1831 damnorum
1188 1806 1286 1843 quae
1307 1794 1416 1830 infert
1435 1793 1622 1842 gentibus,

236 1866 245 1882 ‘
261 1860 488 1910 expressing
507 1858 732 1897 missortune
756 1859 806 1908 by
827 1859 889 1896 the
910 1860 1066 1898 ruinous
1086 1860 1203 1908 edges
1224 1859 1267 1898 of
1282 1859 1348 1897 her
1368 1856 1473 1897 face!

289 1937 341 1975 II.
364 1946 454 1986 927,
478 1938 499 1972 8
531 1935 583 1973 sic
605 1942 734 1972 extant
754 1935 792 1972 in
814 1935 965 1972 Gembl.
986 1942 1021 1973 et
1042 1935 1133 1973 Cus.

397 2001 554 2039 Nomen
584 2001 653 2038 erit
682 2001 849 2038 Fortuna
878 2001 976 2047 loco,
1007 2013 1084 2050 quo
1114 2001 1265 2051 percipe
1294 2007 1464 2038 mentem

399 2066 453 2104 Vt
481 2066 611 2103 breuia
638 2066 676 2103 in
705 2066 823 2115 longo
852 2067 1083 2115 compendia
1113 2067 1280 2103 carmine
1309 2072 1512 2116 praestent.

288 2133 416 2170 Immo
427 2136 622 2181 praestem.
662 2131 754 2168 Vult
772 2131 954 2169 Manilius
974 2132 1012 2168 in
1029 2132 1145 2181 longo
1162 2132 1328 2169 carmine
1344 2144 1423 2181 quo
1439 2138 1495 2168 tot
1514 2143 1624 2180 prae-

236 2204 348 2248 cepta
369 2197 638 2234 Astronomiae
665 2198 918 2242 continentur,
939 2209 1059 2233 unum
1084 2197 1217 2234 saltem
1243 2198 1366 2234 inesse
1388 2196 1490 2246 quod
1510 2197 1626 2233 breue

236 2265 283 2302 sit
313 2263 493 2311 idemque
527 2262 737 2308 lucrosum,
768 2274 850 2299 esse
875 2263 977 2300 enim
1007 2262 1293 2311 percipiendam
1322 2262 1452 2299 lectori
1479 2267 1625 2298 mentem

237 2334 374 2379 poetae
390 2328 436 2365 de
449 2327 564 2364 tutela
577 2326 751 2373 Veneris,
767 2327 803 2363 in
818 2340 894 2376 qua
907 2340 994 2364 cum
1012 2328 1179 2365 Fortuna
1192 2328 1289 2373 insit,
1307 2334 1439 2376 utpote
1452 2327 1626 2375 praeside

239 2393 506 2442 coniugiorum
527 2399 562 2429 et
578 2392 745 2437 thalami,
764 2400 894 2429 monet
914 2393 1114 2441 legentem,
1132 2393 1179 2430 sit
1197 2392 1442 2442 quantumuis
1458 2392 1625 2429 siderum

240 2467 277 2497 et
311 2458 478 2496 sidereae
513 2457 731 2495 matheseos
770 2457 992 2503 incuriosus,
1028 2457 1139 2495 huius
1177 2465 1278 2495 certe
1317 2458 1405 2494 astri
1439 2457 1626 2506 huiusque

241 2523 436 2574 potentiae
458 2535 667 2561 memorem
684 2535 767 2560 esse
784 2530 969 2573 oportere.
1017 2523 1087 2561 III.
1103 2524 1151 2571 36
1169 2522 1258 2560 Huc
1273 2524 1369 2568 ades,
1383 2535 1401 2560 0
1416 2524 1628 2572 quicumque
